{"action": "CLOSE", "direction": "SELL", "instrument_id": "CF609C17000", "order_id": "ORD_1782544241990_048928ac", "platform_order_id": "", "price": 58.2, "state": "SUBMITTED", "ts": 1782544242.0074635, "volume": 1}
{"action": "CLOSE", "direction": "SELL", "instrument_id": "CF609C17000", "order_id": "ORD_1782544241990_048928ac", "platform_order_id": "0", "price": 58.2, "state": "CONFIRMED", "ts": 1782544242.0287547, "volume": 1}
{"action": "CLOSE", "direction": "SELL", "instrument_id": "CF609C17000", "order_id": "ORD_1782544242034_a3ed3c29", "platform_order_id": "", "price": 58.400000000000006, "state": "SUBMITTED", "ts": 1782544242.0518553, "volume": 1}
{"action": "CLOSE", "direction": "SELL", "instrument_id": "CF609C17000", "order_id": "ORD_1782544242034_a3ed3c29", "platform_order_id": "1", "price": 58.400000000000006, "state": "CONFIRMED", "ts": 1782544242.0700495, "volume": 1}
{"action": "CLOSE", "direction": "SELL", "instrument_id": "CF609C17000", "order_id": "ORD_1782544242074_12a653e6", "platform_order_id": "", "price": 58.800000000000004, "state": "SUBMITTED", "ts": 1782544242.0906785, "volume": 1}
{"action": "CLOSE", "direction": "SELL", "instrument_id": "CF609C17000", "order_id": "ORD_1782544242074_12a653e6", "platform_order_id": "2", "price": 58.800000000000004, "state": "CONFIRMED", "ts": 1782544242.107918, "volume": 1}
{"action": "CLOSE", "direction": "SELL", "instrument_id": "CF609C17000", "order_id": "ORD_1782544242114_2bf60d73", "platform_order_id": "", "price": 59.400000000000006, "state": "SUBMITTED", "ts": 1782544242.1650536, "volume": 1}
{"action": "CLOSE", "direction": "SELL", "instrument_id": "CF609C17000", "order_id": "ORD_1782544242114_2bf60d73", "platform_order_id": "3", "price": 59.400000000000006, "state": "CONFIRMED", "ts": 1782544242.1831472, "volume": 1}
{"action": "CLOSE", "direction": "SELL", "instrument_id": "CF609C17000", "order_id": "ORD_1782544242189_820052d4", "platform_order_id": "", "price": 58.2, "state": "SUBMITTED", "ts": 1782544242.2044492, "volume": 1}
{"action": "CLOSE", "direction": "SELL", "instrument_id": "CF609C17000", "order_id": "ORD_1782544242189_820052d4", "platform_order_id": "4", "price": 58.2, "state": "CONFIRMED", "ts": 1782544242.2211328, "volume": 1}
{"action": "CLOSE", "direction": "SELL", "instrument_id": "CF609C17000", "order_id": "ORD_1782544242227_bb379a49", "platform_order_id": "", "price": 58.400000000000006, "state": "SUBMITTED", "ts": 1782544242.2437854, "volume": 1}
{"action": "CLOSE", "direction": "SELL", "instrument_id": "CF609C17000", "order_id": "ORD_1782544242227_bb379a49", "platform_order_id": "5", "price": 58.400000000000006, "state": "CONFIRMED", "ts": 1782544242.2648215, "volume": 1}
{"action": "CLOSE", "direction": "SELL", "instrument_id": "CF609C17000", "order_id": "ORD_1782544242272_d17f3237", "platform_order_id": "", "price": 58.800000000000004, "state": "SUBMITTED", "ts": 1782544242.288523, "volume": 1}
{"action": "CLOSE", "direction": "SELL", "instrument_id": "CF609C17000", "order_id": "ORD_1782544242272_d17f3237", "platform_order_id": "6", "price": 58.800000000000004, "state": "CONFIRMED", "ts": 1782544242.3066783, "volume": 1}
{"action": "CLOSE", "direction": "SELL", "instrument_id": "CF609C17000", "order_id": "ORD_1782544242312_59d90521", "platform_order_id": "", "price": 59.400000000000006, "state": "SUBMITTED", "ts": 1782544242.3280265, "volume": 1}
{"action": "CLOSE", "direction": "SELL", "instrument_id": "CF609C17000", "order_id": "ORD_1782544242312_59d90521", "platform_order_id": "7", "price": 59.400000000000006, "state": "CONFIRMED", "ts": 1782544242.3466194, "volume": 1}
{"action": "CLOSE", "direction": "SELL", "instrument_id": "FG608P990", "order_id": "ORD_1782544242352_dddc08ac", "platform_order_id": "", "price": 30.8, "state": "SUBMITTED", "ts": 1782544242.3705947, "volume": 1}
{"action": "CLOSE", "direction": "SELL", "instrument_id": "FG608P990", "order_id": "ORD_1782544242352_dddc08ac", "platform_order_id": "8", "price": 30.8, "state": "CONFIRMED", "ts": 1782544242.3899324, "volume": 1}
{"action": "CLOSE", "direction": "SELL", "instrument_id": "FG608P990", "order_id": "ORD_1782544242396_51330a07", "platform_order_id": "", "price": 31.400000000000002, "state": "SUBMITTED", "ts": 1782544242.4121943, "volume": 1}
{"action": "CLOSE", "direction": "SELL", "instrument_id": "FG608P990", "order_id": "ORD_1782544242396_51330a07", "platform_order_id": "9", "price": 31.400000000000002, "state": "CONFIRMED", "ts": 1782544242.430418, "volume": 1}
{"action": "CLOSE", "direction": "SELL", "instrument_id": "FG608P970", "order_id": "ORD_1782544242437_21d6aaf6", "platform_order_id": "", "price": 22.400000000000002, "state": "SUBMITTED", "ts": 1782544242.4537275, "volume": 1}
{"action": "CLOSE", "direction": "SELL", "instrument_id": "FG608P970", "order_id": "ORD_1782544242437_21d6aaf6", "platform_order_id": "10", "price": 22.400000000000002, "state": "CONFIRMED", "ts": 1782544242.4730213, "volume": 1}
{"action": "CLOSE", "direction": "SELL", "instrument_id": "FG608P970", "order_id": "ORD_1782544242479_c3b1f7fd", "platform_order_id": "", "price": 17.2, "state": "SUBMITTED", "ts": 1782544242.495566, "volume": 1}
{"action": "CLOSE", "direction": "SELL", "instrument_id": "FG608P970", "order_id": "ORD_1782544242479_c3b1f7fd", "platform_order_id": "11", "price": 17.2, "state": "CONFIRMED", "ts": 1782544242.5137775, "volume": 1}
{"action": "CLOSE", "direction": "SELL", "instrument_id": "FG608P960", "order_id": "ORD_1782544242520_cd953642", "platform_order_id": "", "price": 13.200000000000001, "state": "SUBMITTED", "ts": 1782544242.540033, "volume": 2}
{"action": "CLOSE", "direction": "SELL", "instrument_id": "FG608P960", "order_id": "ORD_1782544242520_cd953642", "platform_order_id": "12", "price": 13.200000000000001, "state": "CONFIRMED", "ts": 1782544242.561196, "volume": 2}
{"action": "CLOSE", "direction": "SELL", "instrument_id": "FG608P960", "order_id": "ORD_1782544242658_c52eb488", "platform_order_id": "", "price": 13.8, "state": "SUBMITTED", "ts": 1782544242.6737585, "volume": 2}
{"action": "CLOSE", "direction": "SELL", "instrument_id": "FG608P960", "order_id": "ORD_1782544242658_c52eb488", "platform_order_id": "13", "price": 13.8, "state": "CONFIRMED", "ts": 1782544242.6934662, "volume": 2}
{"action": "CLOSE", "direction": "SELL", "instrument_id": "FG608P960", "order_id": "ORD_1782544242700_3d673c62", "platform_order_id": "", "price": 13.200000000000001, "state": "SUBMITTED", "ts": 1782544242.7176092, "volume": 2}
{"action": "CLOSE", "direction": "SELL", "instrument_id": "FG608P960", "order_id": "ORD_1782544242700_3d673c62", "platform_order_id": "14", "price": 13.200000000000001, "state": "CONFIRMED", "ts": 1782544242.7357957, "volume": 2}
{"action": "CLOSE", "direction": "SELL", "instrument_id": "FG608P960", "order_id": "ORD_1782544242742_b8155ba6", "platform_order_id": "", "price": 13.4, "state": "SUBMITTED", "ts": 1782544242.7638123, "volume": 2}
{"action": "CLOSE", "direction": "SELL", "instrument_id": "FG608P960", "order_id": "ORD_1782544242742_b8155ba6", "platform_order_id": "15", "price": 13.4, "state": "CONFIRMED", "ts": 1782544242.7854319, "volume": 2}
{"action": "CLOSE", "direction": "SELL", "instrument_id": "FG609P950", "order_id": "ORD_1782544242792_864d2ffb", "platform_order_id": "", "price": 24.200000000000003, "state": "SUBMITTED", "ts": 1782544242.8097575, "volume": 2}
{"action": "CLOSE", "direction": "SELL", "instrument_id": "FG609P950", "order_id": "ORD_1782544242792_864d2ffb", "platform_order_id": "16", "price": 24.200000000000003, "state": "CONFIRMED", "ts": 1782544242.8275135, "volume": 2}
{"action": "CLOSE", "direction": "SELL", "instrument_id": "FG609P950", "order_id": "ORD_1782544242833_3f0f2e37", "platform_order_id": "", "price": 24.8, "state": "SUBMITTED", "ts": 1782544242.8500602, "volume": 2}
{"action": "CLOSE", "direction": "SELL", "instrument_id": "FG609P950", "order_id": "ORD_1782544242833_3f0f2e37", "platform_order_id": "17", "price": 24.8, "state": "CONFIRMED", "ts": 1782544242.8731873, "volume": 2}
{"action": "CLOSE", "direction": "SELL", "instrument_id": "FG609P970", "order_id": "ORD_1782544242880_fe27738b", "platform_order_id": "", "price": 33.2, "state": "SUBMITTED", "ts": 1782544242.8964963, "volume": 1}
{"action": "CLOSE", "direction": "SELL", "instrument_id": "FG609P970", "order_id": "ORD_1782544242880_fe27738b", "platform_order_id": "18", "price": 33.2, "state": "CONFIRMED", "ts": 1782544242.914906, "volume": 1}
{"action": "CLOSE", "direction": "SELL", "instrument_id": "FG609P970", "order_id": "ORD_1782544242922_bf2c827e", "platform_order_id": "", "price": 33.2, "state": "SUBMITTED", "ts": 1782544242.9380262, "volume": 1}
{"action": "CLOSE", "direction": "SELL", "instrument_id": "FG609P970", "order_id": "ORD_1782544242922_bf2c827e", "platform_order_id": "19", "price": 33.2, "state": "CONFIRMED", "ts": 1782544242.9581044, "volume": 1}
{"action": "CLOSE", "direction": "SELL", "instrument_id": "FG609P920", "order_id": "ORD_1782544242965_c56d2d01", "platform_order_id": "", "price": 14.200000000000001, "state": "SUBMITTED", "ts": 1782544242.9833372, "volume": 1}
{"action": "CLOSE", "direction": "SELL", "instrument_id": "FG609P920", "order_id": "ORD_1782544242965_c56d2d01", "platform_order_id": "20", "price": 14.200000000000001, "state": "CONFIRMED", "ts": 1782544243.003624, "volume": 1}
{"action": "CLOSE", "direction": "SELL", "instrument_id": "CJ609C10000", "order_id": "ORD_1782544243010_a20951db", "platform_order_id": "", "price": 40.2, "state": "SUBMITTED", "ts": 1782544243.028911, "volume": 1}
{"action": "CLOSE", "direction": "SELL", "instrument_id": "CJ609C10000", "order_id": "ORD_1782544243010_a20951db", "platform_order_id": "21", "price": 40.2, "state": "CONFIRMED", "ts": 1782544243.133795, "volume": 1}
{"action": "CLOSE", "direction": "SELL", "instrument_id": "FG608P950", "order_id": "ORD_1782544243139_c98162a4", "platform_order_id": "", "price": 9.8, "state": "SUBMITTED", "ts": 1782544243.155481, "volume": 1}
{"action": "CLOSE", "direction": "SELL", "instrument_id": "FG608P950", "order_id": "ORD_1782544243139_c98162a4", "platform_order_id": "22", "price": 9.8, "state": "CONFIRMED", "ts": 1782544243.3768752, "volume": 1}
{"action": "CLOSE", "direction": "SELL", "instrument_id": "FG608P950", "order_id": "ORD_1782544243383_28776aa6", "platform_order_id": "", "price": 8.8, "state": "SUBMITTED", "ts": 1782544243.3999848, "volume": 1}
{"action": "CLOSE", "direction": "SELL", "instrument_id": "FG608P950", "order_id": "ORD_1782544243383_28776aa6", "platform_order_id": "23", "price": 8.8, "state": "CONFIRMED", "ts": 1782544243.4441986, "volume": 1}
{"action": "CLOSE", "direction": "SELL", "instrument_id": "FG608P910", "order_id": "ORD_1782544243452_6ea05660", "platform_order_id": "", "price": 2.2, "state": "SUBMITTED", "ts": 1782544243.4723914, "volume": 1}
{"action": "CLOSE", "direction": "SELL", "instrument_id": "FG608P910", "order_id": "ORD_1782544243452_6ea05660", "platform_order_id": "24", "price": 2.2, "state": "CONFIRMED", "ts": 1782544243.4915187, "volume": 1}
{"action": "CLOSE", "direction": "SELL", "instrument_id": "FG608P900", "order_id": "ORD_1782544243498_dce5b74e", "platform_order_id": "", "price": 1.8, "state": "SUBMITTED", "ts": 1782544243.5159006, "volume": 1}
{"action": "CLOSE", "direction": "SELL", "instrument_id": "FG608P900", "order_id": "ORD_1782544243498_dce5b74e", "platform_order_id": "25", "price": 1.8, "state": "CONFIRMED", "ts": 1782544243.5353396, "volume": 1}
{"action": "CLOSE", "direction": "SELL", "instrument_id": "FG609P1040", "order_id": "ORD_1782544243544_116448e9", "platform_order_id": "", "price": 92.2, "state": "SUBMITTED", "ts": 1782544243.5617256, "volume": 1}
{"action": "CLOSE", "direction": "SELL", "instrument_id": "FG609P1040", "order_id": "ORD_1782544243544_116448e9", "platform_order_id": "26", "price": 92.2, "state": "CONFIRMED", "ts": 1782544243.5788507, "volume": 1}
{"action": "CLOSE", "direction": "SELL", "instrument_id": "FG609C980", "order_id": "ORD_1782544243583_60972d3e", "platform_order_id": "", "price": 38.2, "state": "SUBMITTED", "ts": 1782544243.60139, "volume": 1}
{"action": "CLOSE", "direction": "SELL", "instrument_id": "FG609C980", "order_id": "ORD_1782544243583_60972d3e", "platform_order_id": "27", "price": 38.2, "state": "CONFIRMED", "ts": 1782544243.7508357, "volume": 1}
{"action": "CLOSE", "direction": "SELL", "instrument_id": "MA608C2550", "order_id": "ORD_1782544243919_961043fd", "platform_order_id": "", "price": 129.6, "state": "SUBMITTED", "ts": 1782544243.9360306, "volume": 1}
{"action": "CLOSE", "direction": "SELL", "instrument_id": "MA608C2550", "order_id": "ORD_1782544243919_961043fd", "platform_order_id": "28", "price": 129.6, "state": "CONFIRMED", "ts": 1782544243.9556494, "volume": 1}
{"action": "CLOSE", "direction": "SELL", "instrument_id": "CF609C17000", "order_id": "ORD_1782544247916_7d2688a2", "platform_order_id": "", "price": 58.0, "state": "SUBMITTED", "ts": 1782544247.9348807, "volume": 1}
{"action": "CLOSE", "direction": "SELL", "instrument_id": "CF609C17000", "order_id": "ORD_1782544247916_7d2688a2", "platform_order_id": "29", "price": 58.0, "state": "CONFIRMED", "ts": 1782544250.0899413, "volume": 1}
{"action": "CLOSE", "direction": "SELL", "instrument_id": "CF609C17000", "order_id": "ORD_1782544250101_c88454c8", "platform_order_id": "", "price": 58.2, "state": "SUBMITTED", "ts": 1782544250.1212425, "volume": 1}
{"action": "CLOSE", "direction": "SELL", "instrument_id": "CF609C17000", "order_id": "ORD_1782544250101_c88454c8", "platform_order_id": "30", "price": 58.2, "state": "CONFIRMED", "ts": 1782544250.8194351, "volume": 1}
{"action": "CLOSE", "direction": "SELL", "instrument_id": "CF609C17000", "order_id": "ORD_1782544251192_2f8524bf", "platform_order_id": "", "price": 58.6, "state": "SUBMITTED", "ts": 1782544251.2970061, "volume": 1}
{"action": "CLOSE", "direction": "SELL", "instrument_id": "CF609C17000", "order_id": "ORD_1782544251192_2f8524bf", "platform_order_id": "31", "price": 58.6, "state": "CONFIRMED", "ts": 1782544251.821938, "volume": 1}
{"action": "CLOSE", "direction": "SELL", "instrument_id": "CF609C17000", "order_id": "ORD_1782544251825_b89e08c5", "platform_order_id": "", "price": 59.2, "state": "SUBMITTED", "ts": 1782544252.1267087, "volume": 1}
{"action": "CLOSE", "direction": "SELL", "instrument_id": "CF609C17000", "order_id": "ORD_1782544251825_b89e08c5", "platform_order_id": "32", "price": 59.2, "state": "CONFIRMED", "ts": 1782544252.317426, "volume": 1}
{"action": "CLOSE", "direction": "SELL", "instrument_id": "CF609C17000", "order_id": "ORD_1782544252380_1860980d", "platform_order_id": "", "price": 58.0, "state": "SUBMITTED", "ts": 1782544252.3950002, "volume": 1}
{"action": "CLOSE", "direction": "SELL", "instrument_id": "CF609C17000", "order_id": "ORD_1782544252380_1860980d", "platform_order_id": "33", "price": 58.0, "state": "CONFIRMED", "ts": 1782544252.4440007, "volume": 1}
{"action": "CLOSE", "direction": "SELL", "instrument_id": "CF609C17000", "order_id": "ORD_1782544253079_5950b461", "platform_order_id": "", "price": 58.2, "state": "SUBMITTED", "ts": 1782544253.094328, "volume": 1}
{"action": "CLOSE", "direction": "SELL", "instrument_id": "CF609C17000", "order_id": "ORD_1782544253079_5950b461", "platform_order_id": "34", "price": 58.2, "state": "CONFIRMED", "ts": 1782544253.709457, "volume": 1}
{"action": "CLOSE", "direction": "SELL", "instrument_id": "CF609C17000", "order_id": "ORD_1782544254016_821ccc0e", "platform_order_id": "", "price": 58.6, "state": "SUBMITTED", "ts": 1782544254.0301394, "volume": 1}
{"action": "CLOSE", "direction": "SELL", "instrument_id": "CF609C17000", "order_id": "ORD_1782544254016_821ccc0e", "platform_order_id": "35", "price": 58.6, "state": "CONFIRMED", "ts": 1782544254.5407016, "volume": 1}
{"action": "CLOSE", "direction": "SELL", "instrument_id": "CF609C17000", "order_id": "ORD_1782544255038_172ed01d", "platform_order_id": "", "price": 59.2, "state": "SUBMITTED", "ts": 1782544255.0615366, "volume": 1}
{"action": "CLOSE", "direction": "SELL", "instrument_id": "CF609C17000", "order_id": "ORD_1782544255038_172ed01d", "platform_order_id": "36", "price": 59.2, "state": "CONFIRMED", "ts": 1782544255.1275418, "volume": 1}
{"action": "CLOSE", "direction": "SELL", "instrument_id": "FG608P990", "order_id": "ORD_1782544255139_09c2a669", "platform_order_id": "", "price": 30.6, "state": "SUBMITTED", "ts": 1782544255.1785455, "volume": 1}
{"action": "CLOSE", "direction": "SELL", "instrument_id": "FG608P990", "order_id": "ORD_1782544255139_09c2a669", "platform_order_id": "37", "price": 30.6, "state": "CONFIRMED", "ts": 1782544255.2008655, "volume": 1}
{"action": "CLOSE", "direction": "SELL", "instrument_id": "FG608P990", "order_id": "ORD_1782544255206_a08d2824", "platform_order_id": "", "price": 31.200000000000003, "state": "SUBMITTED", "ts": 1782544255.2228658, "volume": 1}
{"action": "CLOSE", "direction": "SELL", "instrument_id": "FG608P990", "order_id": "ORD_1782544255206_a08d2824", "platform_order_id": "38", "price": 31.200000000000003, "state": "CONFIRMED", "ts": 1782544255.2386363, "volume": 1}
{"action": "CLOSE", "direction": "SELL", "instrument_id": "FG608P970", "order_id": "ORD_1782544255246_b5ab7622", "platform_order_id": "", "price": 22.200000000000003, "state": "SUBMITTED", "ts": 1782544255.2596397, "volume": 1}
{"action": "CLOSE", "direction": "SELL", "instrument_id": "FG608P970", "order_id": "ORD_1782544255246_b5ab7622", "platform_order_id": "39", "price": 22.200000000000003, "state": "CONFIRMED", "ts": 1782544255.2909935, "volume": 1}
{"action": "CLOSE", "direction": "SELL", "instrument_id": "FG608P970", "order_id": "ORD_1782544255302_c0433629", "platform_order_id": "", "price": 17.0, "state": "SUBMITTED", "ts": 1782544255.3203776, "volume": 1}
{"action": "CLOSE", "direction": "SELL", "instrument_id": "FG608P970", "order_id": "ORD_1782544255302_c0433629", "platform_order_id": "40", "price": 17.0, "state": "CONFIRMED", "ts": 1782544255.3363776, "volume": 1}
{"action": "CLOSE", "direction": "SELL", "instrument_id": "FG608P960", "order_id": "ORD_1782544255341_47200e5b", "platform_order_id": "", "price": 13.0, "state": "SUBMITTED", "ts": 1782544255.3541238, "volume": 2}
{"action": "CLOSE", "direction": "SELL", "instrument_id": "FG608P960", "order_id": "ORD_1782544255341_47200e5b", "platform_order_id": "41", "price": 13.0, "state": "CONFIRMED", "ts": 1782544255.3694777, "volume": 2}
{"action": "CLOSE", "direction": "SELL", "instrument_id": "FG608P960", "order_id": "ORD_1782544255373_d2b718e8", "platform_order_id": "", "price": 13.600000000000001, "state": "SUBMITTED", "ts": 1782544255.38632, "volume": 2}
{"action": "CLOSE", "direction": "SELL", "instrument_id": "FG608P960", "order_id": "ORD_1782544255373_d2b718e8", "platform_order_id": "42", "price": 13.600000000000001, "state": "CONFIRMED", "ts": 1782544255.402321, "volume": 2}
{"action": "CLOSE", "direction": "SELL", "instrument_id": "FG608P960", "order_id": "ORD_1782544255406_c0f5a01a", "platform_order_id": "", "price": 13.0, "state": "SUBMITTED", "ts": 1782544255.4193223, "volume": 2}
{"action": "CLOSE", "direction": "SELL", "instrument_id": "FG608P960", "order_id": "ORD_1782544255406_c0f5a01a", "platform_order_id": "43", "price": 13.0, "state": "CONFIRMED", "ts": 1782544255.4393249, "volume": 2}
{"action": "CLOSE", "direction": "SELL", "instrument_id": "FG608P960", "order_id": "ORD_1782544255441_2d95a2a1", "platform_order_id": "", "price": 13.200000000000001, "state": "SUBMITTED", "ts": 1782544255.4615977, "volume": 2}
{"action": "CLOSE", "direction": "SELL", "instrument_id": "FG608P960", "order_id": "ORD_1782544255441_2d95a2a1", "platform_order_id": "44", "price": 13.200000000000001, "state": "CONFIRMED", "ts": 1782544255.4755323, "volume": 2}
{"action": "CLOSE", "direction": "SELL", "instrument_id": "FG609P950", "order_id": "ORD_1782544255479_ed34a8c4", "platform_order_id": "", "price": 24.0, "state": "SUBMITTED", "ts": 1782544255.4946725, "volume": 2}
{"action": "CLOSE", "direction": "SELL", "instrument_id": "FG609P950", "order_id": "ORD_1782544255479_ed34a8c4", "platform_order_id": "45", "price": 24.0, "state": "CONFIRMED", "ts": 1782544255.5096843, "volume": 2}
{"action": "CLOSE", "direction": "SELL", "instrument_id": "FG609P950", "order_id": "ORD_1782544255513_5d1ae49f", "platform_order_id": "", "price": 24.6, "state": "SUBMITTED", "ts": 1782544255.5266347, "volume": 2}
{"action": "CLOSE", "direction": "SELL", "instrument_id": "FG609P950", "order_id": "ORD_1782544255513_5d1ae49f", "platform_order_id": "46", "price": 24.6, "state": "CONFIRMED", "ts": 1782544255.5456371, "volume": 2}
{"action": "CLOSE", "direction": "SELL", "instrument_id": "FG609P970", "order_id": "ORD_1782544255551_a18a90e5", "platform_order_id": "", "price": 33.0, "state": "SUBMITTED", "ts": 1782544255.5656385, "volume": 1}
{"action": "CLOSE", "direction": "SELL", "instrument_id": "FG609P970", "order_id": "ORD_1782544255551_a18a90e5", "platform_order_id": "47", "price": 33.0, "state": "CONFIRMED", "ts": 1782544255.5796392, "volume": 1}
{"action": "CLOSE", "direction": "SELL", "instrument_id": "FG609P970", "order_id": "ORD_1782544255585_ef6130d1", "platform_order_id": "", "price": 33.0, "state": "SUBMITTED", "ts": 1782544255.5993989, "volume": 1}
{"action": "CLOSE", "direction": "SELL", "instrument_id": "FG609P970", "order_id": "ORD_1782544255585_ef6130d1", "platform_order_id": "48", "price": 33.0, "state": "CONFIRMED", "ts": 1782544255.6158104, "volume": 1}
{"action": "CLOSE", "direction": "SELL", "instrument_id": "FG609P920", "order_id": "ORD_1782544255620_ade7f13b", "platform_order_id": "", "price": 14.0, "state": "SUBMITTED", "ts": 1782544255.6335113, "volume": 1}
{"action": "CLOSE", "direction": "SELL", "instrument_id": "FG609P920", "order_id": "ORD_1782544255620_ade7f13b", "platform_order_id": "49", "price": 14.0, "state": "CONFIRMED", "ts": 1782544255.6585128, "volume": 1}
{"action": "CLOSE", "direction": "SELL", "instrument_id": "CJ609C10000", "order_id": "ORD_1782544255663_abbec3db", "platform_order_id": "", "price": 40.0, "state": "SUBMITTED", "ts": 1782544255.6785152, "volume": 1}
{"action": "CLOSE", "direction": "SELL", "instrument_id": "CJ609C10000", "order_id": "ORD_1782544255663_abbec3db", "platform_order_id": "50", "price": 40.0, "state": "CONFIRMED", "ts": 1782544255.6951125, "volume": 1}
{"action": "CLOSE", "direction": "SELL", "instrument_id": "FG608P950", "order_id": "ORD_1782544255699_fe08085e", "platform_order_id": "", "price": 9.600000000000001, "state": "SUBMITTED", "ts": 1782544255.712054, "volume": 1}
{"action": "CLOSE", "direction": "SELL", "instrument_id": "FG608P950", "order_id": "ORD_1782544255699_fe08085e", "platform_order_id": "51", "price": 9.600000000000001, "state": "CONFIRMED", "ts": 1782544255.7290022, "volume": 1}
{"action": "CLOSE", "direction": "SELL", "instrument_id": "FG608P950", "order_id": "ORD_1782544255734_282e343a", "platform_order_id": "", "price": 8.6, "state": "SUBMITTED", "ts": 1782544255.7487454, "volume": 1}
{"action": "CLOSE", "direction": "SELL", "instrument_id": "FG608P950", "order_id": "ORD_1782544255734_282e343a", "platform_order_id": "52", "price": 8.6, "state": "CONFIRMED", "ts": 1782544255.7656877, "volume": 1}
{"action": "CLOSE", "direction": "SELL", "instrument_id": "FG608P910", "order_id": "ORD_1782544255777_4c2a1b9c", "platform_order_id": "", "price": 2.0, "state": "SUBMITTED", "ts": 1782544255.7956524, "volume": 1}
{"action": "CLOSE", "direction": "SELL", "instrument_id": "FG608P910", "order_id": "ORD_1782544255777_4c2a1b9c", "platform_order_id": "53", "price": 2.0, "state": "CONFIRMED", "ts": 1782544255.8145328, "volume": 1}
{"action": "CLOSE", "direction": "SELL", "instrument_id": "FG608P900", "order_id": "ORD_1782544255819_57de1145", "platform_order_id": "", "price": 1.6, "state": "SUBMITTED", "ts": 1782544255.8340876, "volume": 1}
{"action": "CLOSE", "direction": "SELL", "instrument_id": "FG608P900", "order_id": "ORD_1782544255819_57de1145", "platform_order_id": "54", "price": 1.6, "state": "CONFIRMED", "ts": 1782544255.8534715, "volume": 1}
{"action": "CLOSE", "direction": "SELL", "instrument_id": "FG609P1040", "order_id": "ORD_1782544255859_80044bed", "platform_order_id": "", "price": 92.0, "state": "SUBMITTED", "ts": 1782544255.8797948, "volume": 1}
{"action": "CLOSE", "direction": "SELL", "instrument_id": "FG609P1040", "order_id": "ORD_1782544255859_80044bed", "platform_order_id": "55", "price": 92.0, "state": "CONFIRMED", "ts": 1782544255.8971279, "volume": 1}
{"action": "CLOSE", "direction": "SELL", "instrument_id": "FG609C980", "order_id": "ORD_1782544255902_a78c0361", "platform_order_id": "", "price": 38.0, "state": "SUBMITTED", "ts": 1782544255.9167185, "volume": 1}
{"action": "CLOSE", "direction": "SELL", "instrument_id": "FG609C980", "order_id": "ORD_1782544255902_a78c0361", "platform_order_id": "56", "price": 38.0, "state": "CONFIRMED", "ts": 1782544255.9329994, "volume": 1}
{"action": "CLOSE", "direction": "SELL", "instrument_id": "MA608C2550", "order_id": "ORD_1782544255945_a129b729", "platform_order_id": "", "price": 129.4, "state": "SUBMITTED", "ts": 1782544255.9741776, "volume": 1}
{"action": "CLOSE", "direction": "SELL", "instrument_id": "MA608C2550", "order_id": "ORD_1782544255945_a129b729", "platform_order_id": "57", "price": 129.4, "state": "CONFIRMED", "ts": 1782544255.9909627, "volume": 1}
{"action": "CLOSE", "direction": "SELL", "instrument_id": "CF609C17000", "order_id": "ORD_1782544256892_6dcffdaf", "platform_order_id": "", "price": 57.6, "state": "SUBMITTED", "ts": 1782544256.9161024, "volume": 1}
{"action": "CLOSE", "direction": "SELL", "instrument_id": "CF609C17000", "order_id": "ORD_1782544256892_6dcffdaf", "platform_order_id": "58", "price": 57.6, "state": "CONFIRMED", "ts": 1782544256.9403846, "volume": 1}
{"action": "CLOSE", "direction": "SELL", "instrument_id": "CF609C17000", "order_id": "ORD_1782544256952_7cd1b26f", "platform_order_id": "", "price": 57.800000000000004, "state": "SUBMITTED", "ts": 1782544256.9682152, "volume": 1}
{"action": "CLOSE", "direction": "SELL", "instrument_id": "CF609C17000", "order_id": "ORD_1782544256952_7cd1b26f", "platform_order_id": "59", "price": 57.800000000000004, "state": "CONFIRMED", "ts": 1782544256.989053, "volume": 1}
{"action": "CLOSE", "direction": "SELL", "instrument_id": "CF609C17000", "order_id": "ORD_1782544256996_c5799dbe", "platform_order_id": "", "price": 58.2, "state": "SUBMITTED", "ts": 1782544257.0163453, "volume": 1}
{"action": "CLOSE", "direction": "SELL", "instrument_id": "CF609C17000", "order_id": "ORD_1782544256996_c5799dbe", "platform_order_id": "60", "price": 58.2, "state": "CONFIRMED", "ts": 1782544257.0407383, "volume": 1}
{"action": "CLOSE", "direction": "SELL", "instrument_id": "CF609C17000", "order_id": "ORD_1782544257046_fb40c200", "platform_order_id": "", "price": 58.800000000000004, "state": "SUBMITTED", "ts": 1782544257.063541, "volume": 1}
{"action": "CLOSE", "direction": "SELL", "instrument_id": "CF609C17000", "order_id": "ORD_1782544257046_fb40c200", "platform_order_id": "61", "price": 58.800000000000004, "state": "CONFIRMED", "ts": 1782544257.0876389, "volume": 1}
{"action": "CLOSE", "direction": "SELL", "instrument_id": "CF609C17000", "order_id": "ORD_1782544257098_7a8a393c", "platform_order_id": "", "price": 57.6, "state": "SUBMITTED", "ts": 1782544257.1177382, "volume": 1}
{"action": "CLOSE", "direction": "SELL", "instrument_id": "CF609C17000", "order_id": "ORD_1782544257098_7a8a393c", "platform_order_id": "62", "price": 57.6, "state": "CONFIRMED", "ts": 1782544257.1423936, "volume": 1}
{"action": "CLOSE", "direction": "SELL", "instrument_id": "CF609C17000", "order_id": "ORD_1782544257156_65f7f340", "platform_order_id": "", "price": 57.800000000000004, "state": "SUBMITTED", "ts": 1782544257.1792083, "volume": 1}
{"action": "CLOSE", "direction": "SELL", "instrument_id": "CF609C17000", "order_id": "ORD_1782544257156_65f7f340", "platform_order_id": "63", "price": 57.800000000000004, "state": "CONFIRMED", "ts": 1782544257.2039838, "volume": 1}
{"action": "CLOSE", "direction": "SELL", "instrument_id": "CF609C17000", "order_id": "ORD_1782544259896_cd1229ef", "platform_order_id": "", "price": 58.2, "state": "SUBMITTED", "ts": 1782544260.3282602, "volume": 1}
{"action": "CLOSE", "direction": "SELL", "instrument_id": "CF609C17000", "order_id": "ORD_1782544259896_cd1229ef", "platform_order_id": "64", "price": 58.2, "state": "CONFIRMED", "ts": 1782544260.3453715, "volume": 1}
{"action": "CLOSE", "direction": "SELL", "instrument_id": "CF609C17000", "order_id": "ORD_1782544260349_6f7b9f27", "platform_order_id": "", "price": 58.800000000000004, "state": "SUBMITTED", "ts": 1782544260.363285, "volume": 1}
{"action": "CLOSE", "direction": "SELL", "instrument_id": "CF609C17000", "order_id": "ORD_1782544260349_6f7b9f27", "platform_order_id": "65", "price": 58.800000000000004, "state": "CONFIRMED", "ts": 1782544260.3802872, "volume": 1}
{"action": "CLOSE", "direction": "SELL", "instrument_id": "FG608P990", "order_id": "ORD_1782544260385_42c4e108", "platform_order_id": "", "price": 30.200000000000003, "state": "SUBMITTED", "ts": 1782544260.399015, "volume": 1}
{"action": "CLOSE", "direction": "SELL", "instrument_id": "FG608P990", "order_id": "ORD_1782544260385_42c4e108", "platform_order_id": "66", "price": 30.200000000000003, "state": "CONFIRMED", "ts": 1782544260.4174602, "volume": 1}
{"action": "CLOSE", "direction": "SELL", "instrument_id": "FG608P990", "order_id": "ORD_1782544260428_aee9b69e", "platform_order_id": "", "price": 30.8, "state": "SUBMITTED", "ts": 1782544260.4474611, "volume": 1}
{"action": "CLOSE", "direction": "SELL", "instrument_id": "FG608P990", "order_id": "ORD_1782544260428_aee9b69e", "platform_order_id": "67", "price": 30.8, "state": "CONFIRMED", "ts": 1782544260.4781346, "volume": 1}
{"action": "CLOSE", "direction": "SELL", "instrument_id": "FG608P970", "order_id": "ORD_1782544260482_03209781", "platform_order_id": "", "price": 21.8, "state": "SUBMITTED", "ts": 1782544260.498619, "volume": 1}
{"action": "CLOSE", "direction": "SELL", "instrument_id": "FG608P970", "order_id": "ORD_1782544260482_03209781", "platform_order_id": "68", "price": 21.8, "state": "CONFIRMED", "ts": 1782544260.5286202, "volume": 1}
{"action": "CLOSE", "direction": "SELL", "instrument_id": "FG608P970", "order_id": "ORD_1782544260533_cb726c98", "platform_order_id": "", "price": 16.6, "state": "SUBMITTED", "ts": 1782544260.546622, "volume": 1}
{"action": "CLOSE", "direction": "SELL", "instrument_id": "FG608P970", "order_id": "ORD_1782544260533_cb726c98", "platform_order_id": "69", "price": 16.6, "state": "CONFIRMED", "ts": 1782544260.6856422, "volume": 1}
{"action": "CLOSE", "direction": "SELL", "instrument_id": "FG608P960", "order_id": "ORD_1782544260713_363673ae", "platform_order_id": "", "price": 12.600000000000001, "state": "SUBMITTED", "ts": 1782544260.735646, "volume": 2}
{"action": "CLOSE", "direction": "SELL", "instrument_id": "FG608P960", "order_id": "ORD_1782544260713_363673ae", "platform_order_id": "70", "price": 12.600000000000001, "state": "CONFIRMED", "ts": 1782544260.8446538, "volume": 2}
{"action": "CLOSE", "direction": "SELL", "instrument_id": "FG608P960", "order_id": "ORD_1782544260848_d7ba314b", "platform_order_id": "", "price": 13.200000000000001, "state": "SUBMITTED", "ts": 1782544260.8966577, "volume": 2}
{"action": "CLOSE", "direction": "SELL", "instrument_id": "FG608P960", "order_id": "ORD_1782544260848_d7ba314b", "platform_order_id": "71", "price": 13.200000000000001, "state": "CONFIRMED", "ts": 1782544260.921552, "volume": 2}
{"action": "CLOSE", "direction": "SELL", "instrument_id": "FG608P960", "order_id": "ORD_1782544260926_490d283b", "platform_order_id": "", "price": 12.600000000000001, "state": "SUBMITTED", "ts": 1782544260.9515543, "volume": 2}
{"action": "CLOSE", "direction": "SELL", "instrument_id": "FG608P960", "order_id": "ORD_1782544260926_490d283b", "platform_order_id": "72", "price": 12.600000000000001, "state": "CONFIRMED", "ts": 1782544260.9677427, "volume": 2}
{"action": "CLOSE", "direction": "SELL", "instrument_id": "FG608P960", "order_id": "ORD_1782544260971_4d82bfb3", "platform_order_id": "", "price": 12.8, "state": "SUBMITTED", "ts": 1782544260.985438, "volume": 2}
{"action": "CLOSE", "direction": "SELL", "instrument_id": "FG608P960", "order_id": "ORD_1782544260971_4d82bfb3", "platform_order_id": "73", "price": 12.8, "state": "CONFIRMED", "ts": 1782544261.0141118, "volume": 2}
{"action": "CLOSE", "direction": "SELL", "instrument_id": "FG609P950", "order_id": "ORD_1782544261024_3f4e4530", "platform_order_id": "", "price": 23.6, "state": "SUBMITTED", "ts": 1782544261.0400286, "volume": 2}
{"action": "CLOSE", "direction": "SELL", "instrument_id": "FG609P950", "order_id": "ORD_1782544261024_3f4e4530", "platform_order_id": "74", "price": 23.6, "state": "CONFIRMED", "ts": 1782544261.066719, "volume": 2}
{"action": "CLOSE", "direction": "SELL", "instrument_id": "FG609P950", "order_id": "ORD_1782544261070_6d52dbac", "platform_order_id": "", "price": 24.200000000000003, "state": "SUBMITTED", "ts": 1782544261.084346, "volume": 2}
{"action": "CLOSE", "direction": "SELL", "instrument_id": "FG609P950", "order_id": "ORD_1782544261070_6d52dbac", "platform_order_id": "75", "price": 24.200000000000003, "state": "CONFIRMED", "ts": 1782544261.108373, "volume": 2}
{"action": "CLOSE", "direction": "SELL", "instrument_id": "FG609P970", "order_id": "ORD_1782544261110_7dd20ed1", "platform_order_id": "", "price": 32.6, "state": "SUBMITTED", "ts": 1782544261.1255236, "volume": 1}
{"action": "CLOSE", "direction": "SELL", "instrument_id": "FG609P970", "order_id": "ORD_1782544261110_7dd20ed1", "platform_order_id": "76", "price": 32.6, "state": "CONFIRMED", "ts": 1782544261.1435196, "volume": 1}
{"action": "CLOSE", "direction": "SELL", "instrument_id": "FG609P970", "order_id": "ORD_1782544261151_ea1d0658", "platform_order_id": "", "price": 32.6, "state": "SUBMITTED", "ts": 1782544261.165521, "volume": 1}
{"action": "CLOSE", "direction": "SELL", "instrument_id": "FG609P970", "order_id": "ORD_1782544261151_ea1d0658", "platform_order_id": "77", "price": 32.6, "state": "CONFIRMED", "ts": 1782544261.1835191, "volume": 1}
{"action": "CLOSE", "direction": "SELL", "instrument_id": "FG609P920", "order_id": "ORD_1782544261190_b78b3f62", "platform_order_id": "", "price": 13.600000000000001, "state": "SUBMITTED", "ts": 1782544261.206277, "volume": 1}
{"action": "CLOSE", "direction": "SELL", "instrument_id": "FG609P920", "order_id": "ORD_1782544261190_b78b3f62", "platform_order_id": "78", "price": 13.600000000000001, "state": "CONFIRMED", "ts": 1782544261.2261114, "volume": 1}
{"action": "CLOSE", "direction": "SELL", "instrument_id": "CJ609C10000", "order_id": "ORD_1782544261232_7fd554ca", "platform_order_id": "", "price": 39.6, "state": "SUBMITTED", "ts": 1782544261.2513676, "volume": 1}
{"action": "CLOSE", "direction": "SELL", "instrument_id": "CJ609C10000", "order_id": "ORD_1782544261232_7fd554ca", "platform_order_id": "79", "price": 39.6, "state": "CONFIRMED", "ts": 1782544261.2704947, "volume": 1}
{"action": "CLOSE", "direction": "SELL", "instrument_id": "FG608P950", "order_id": "ORD_1782544261274_a816ed14", "platform_order_id": "", "price": 9.200000000000001, "state": "SUBMITTED", "ts": 1782544261.2894964, "volume": 1}
{"action": "CLOSE", "direction": "SELL", "instrument_id": "FG608P950", "order_id": "ORD_1782544261274_a816ed14", "platform_order_id": "80", "price": 9.200000000000001, "state": "CONFIRMED", "ts": 1782544261.3574991, "volume": 1}
{"action": "CLOSE", "direction": "SELL", "instrument_id": "FG608P950", "order_id": "ORD_1782544261363_84837d86", "platform_order_id": "", "price": 8.200000000000001, "state": "SUBMITTED", "ts": 1782544261.3805542, "volume": 1}
{"action": "CLOSE", "direction": "SELL", "instrument_id": "FG608P950", "order_id": "ORD_1782544261363_84837d86", "platform_order_id": "81", "price": 8.200000000000001, "state": "CONFIRMED", "ts": 1782544261.4005601, "volume": 1}
{"action": "CLOSE", "direction": "SELL", "instrument_id": "FG608P910", "order_id": "ORD_1782544261408_3cf792a1", "platform_order_id": "", "price": 1.6, "state": "SUBMITTED", "ts": 1782544261.4222817, "volume": 1}
{"action": "CLOSE", "direction": "SELL", "instrument_id": "FG608P910", "order_id": "ORD_1782544261408_3cf792a1", "platform_order_id": "82", "price": 1.6, "state": "CONFIRMED", "ts": 1782544261.4622846, "volume": 1}
{"action": "CLOSE", "direction": "SELL", "instrument_id": "FG608P900", "order_id": "ORD_1782544261495_afd5aa69", "platform_order_id": "", "price": 1.2000000000000002, "state": "SUBMITTED", "ts": 1782544261.5233252, "volume": 1}
{"action": "CLOSE", "direction": "SELL", "instrument_id": "FG608P900", "order_id": "ORD_1782544261495_afd5aa69", "platform_order_id": "83", "price": 1.2000000000000002, "state": "CONFIRMED", "ts": 1782544261.5953422, "volume": 1}
{"action": "CLOSE", "direction": "SELL", "instrument_id": "FG609P1040", "order_id": "ORD_1782544261603_2985247d", "platform_order_id": "", "price": 91.60000000000001, "state": "SUBMITTED", "ts": 1782544261.6218565, "volume": 1}
{"action": "CLOSE", "direction": "SELL", "instrument_id": "FG609P1040", "order_id": "ORD_1782544261603_2985247d", "platform_order_id": "84", "price": 91.60000000000001, "state": "CONFIRMED", "ts": 1782544261.641002, "volume": 1}
{"action": "CLOSE", "direction": "SELL", "instrument_id": "FG609C980", "order_id": "ORD_1782544261647_aca8554c", "platform_order_id": "", "price": 37.6, "state": "SUBMITTED", "ts": 1782544261.6861794, "volume": 1}
{"action": "CLOSE", "direction": "SELL", "instrument_id": "FG609C980", "order_id": "ORD_1782544261647_aca8554c", "platform_order_id": "85", "price": 37.6, "state": "CONFIRMED", "ts": 1782544261.7102776, "volume": 1}
{"action": "CLOSE", "direction": "SELL", "instrument_id": "MA608C2550", "order_id": "ORD_1782544261715_ae4eac57", "platform_order_id": "", "price": 129.0, "state": "SUBMITTED", "ts": 1782544261.7562113, "volume": 1}
{"action": "CLOSE", "direction": "SELL", "instrument_id": "MA608C2550", "order_id": "ORD_1782544261715_ae4eac57", "platform_order_id": "86", "price": 129.0, "state": "CONFIRMED", "ts": 1782544261.7742126, "volume": 1}
{"action": "CLOSE", "direction": "SELL", "instrument_id": "CF609C17000", "order_id": "ORD_1782544262980_51dfd37f", "platform_order_id": "", "price": 57.0, "state": "SUBMITTED", "ts": 1782544263.0123773, "volume": 1}
{"action": "CLOSE", "direction": "SELL", "instrument_id": "CF609C17000", "order_id": "ORD_1782544262980_51dfd37f", "platform_order_id": "87", "price": 57.0, "state": "CONFIRMED", "ts": 1782544263.0380666, "volume": 1}
{"action": "CLOSE", "direction": "SELL", "instrument_id": "CF609C17000", "order_id": "ORD_1782544263043_68cfe7ff", "platform_order_id": "", "price": 57.2, "state": "SUBMITTED", "ts": 1782544263.0606074, "volume": 1}
{"action": "CLOSE", "direction": "SELL", "instrument_id": "CF609C17000", "order_id": "ORD_1782544263043_68cfe7ff", "platform_order_id": "88", "price": 57.2, "state": "CONFIRMED", "ts": 1782544263.0793095, "volume": 1}
{"action": "CLOSE", "direction": "SELL", "instrument_id": "CF609C17000", "order_id": "ORD_1782544263083_60fdfe8e", "platform_order_id": "", "price": 57.6, "state": "SUBMITTED", "ts": 1782544263.097682, "volume": 1}
{"action": "CLOSE", "direction": "SELL", "instrument_id": "CF609C17000", "order_id": "ORD_1782544263083_60fdfe8e", "platform_order_id": "89", "price": 57.6, "state": "CONFIRMED", "ts": 1782544263.1143725, "volume": 1}
{"action": "CLOSE", "direction": "SELL", "instrument_id": "CF609C17000", "order_id": "ORD_1782544263118_b86e444b", "platform_order_id": "", "price": 58.2, "state": "SUBMITTED", "ts": 1782544263.1353745, "volume": 1}
{"action": "CLOSE", "direction": "SELL", "instrument_id": "CF609C17000", "order_id": "ORD_1782544263118_b86e444b", "platform_order_id": "90", "price": 58.2, "state": "CONFIRMED", "ts": 1782544263.1613765, "volume": 1}
{"action": "CLOSE", "direction": "SELL", "instrument_id": "CF609C17000", "order_id": "ORD_1782544263165_4ff1070c", "platform_order_id": "", "price": 57.0, "state": "SUBMITTED", "ts": 1782544263.1796925, "volume": 1}
{"action": "CLOSE", "direction": "SELL", "instrument_id": "CF609C17000", "order_id": "ORD_1782544263165_4ff1070c", "platform_order_id": "91", "price": 57.0, "state": "CONFIRMED", "ts": 1782544263.2059965, "volume": 1}
{"action": "CLOSE", "direction": "SELL", "instrument_id": "CF609C17000", "order_id": "ORD_1782544263212_e5c3c497", "platform_order_id": "", "price": 57.2, "state": "SUBMITTED", "ts": 1782544263.2280118, "volume": 1}
{"action": "CLOSE", "direction": "SELL", "instrument_id": "CF609C17000", "order_id": "ORD_1782544263212_e5c3c497", "platform_order_id": "92", "price": 57.2, "state": "CONFIRMED", "ts": 1782544263.2440145, "volume": 1}
{"action": "CLOSE", "direction": "SELL", "instrument_id": "CF609C17000", "order_id": "ORD_1782544263252_6e81bc9e", "platform_order_id": "", "price": 57.6, "state": "SUBMITTED", "ts": 1782544263.2700198, "volume": 1}
{"action": "CLOSE", "direction": "SELL", "instrument_id": "CF609C17000", "order_id": "ORD_1782544263252_6e81bc9e", "platform_order_id": "93", "price": 57.6, "state": "CONFIRMED", "ts": 1782544263.288129, "volume": 1}
{"action": "CLOSE", "direction": "SELL", "instrument_id": "CF609C17000", "order_id": "ORD_1782544265895_b7c26506", "platform_order_id": "", "price": 58.2, "state": "SUBMITTED", "ts": 1782544265.913664, "volume": 1}
{"action": "CLOSE", "direction": "SELL", "instrument_id": "CF609C17000", "order_id": "ORD_1782544265895_b7c26506", "platform_order_id": "94", "price": 58.2, "state": "CONFIRMED", "ts": 1782544265.9313295, "volume": 1}
{"action": "CLOSE", "direction": "SELL", "instrument_id": "FG608P990", "order_id": "ORD_1782544265937_6c277db2", "platform_order_id": "", "price": 29.6, "state": "SUBMITTED", "ts": 1782544265.9534464, "volume": 1}
{"action": "CLOSE", "direction": "SELL", "instrument_id": "FG608P990", "order_id": "ORD_1782544265937_6c277db2", "platform_order_id": "95", "price": 29.6, "state": "CONFIRMED", "ts": 1782544265.9724398, "volume": 1}
{"action": "CLOSE", "direction": "SELL", "instrument_id": "FG608P990", "order_id": "ORD_1782544265977_438fecbb", "platform_order_id": "", "price": 30.200000000000003, "state": "SUBMITTED", "ts": 1782544265.9957285, "volume": 1}
{"action": "CLOSE", "direction": "SELL", "instrument_id": "FG608P990", "order_id": "ORD_1782544265977_438fecbb", "platform_order_id": "96", "price": 30.200000000000003, "state": "CONFIRMED", "ts": 1782544266.024149, "volume": 1}
{"action": "CLOSE", "direction": "SELL", "instrument_id": "FG608P970", "order_id": "ORD_1782544266029_9020f4ff", "platform_order_id": "", "price": 21.200000000000003, "state": "SUBMITTED", "ts": 1782544266.1303115, "volume": 1}
{"action": "CLOSE", "direction": "SELL", "instrument_id": "FG608P970", "order_id": "ORD_1782544266029_9020f4ff", "platform_order_id": "97", "price": 21.200000000000003, "state": "CONFIRMED", "ts": 1782544266.2413201, "volume": 1}
{"action": "CLOSE", "direction": "SELL", "instrument_id": "FG608P970", "order_id": "ORD_1782544266277_a1b80100", "platform_order_id": "", "price": 16.0, "state": "SUBMITTED", "ts": 1782544266.3453283, "volume": 1}
{"action": "CLOSE", "direction": "SELL", "instrument_id": "FG608P970", "order_id": "ORD_1782544266277_a1b80100", "platform_order_id": "98", "price": 16.0, "state": "CONFIRMED", "ts": 1782544266.462337, "volume": 1}
{"action": "CLOSE", "direction": "SELL", "instrument_id": "FG608P960", "order_id": "ORD_1782544266514_ce605262", "platform_order_id": "", "price": 12.0, "state": "SUBMITTED", "ts": 1782544266.6353538, "volume": 2}
{"action": "CLOSE", "direction": "SELL", "instrument_id": "FG608P960", "order_id": "ORD_1782544266514_ce605262", "platform_order_id": "99", "price": 12.0, "state": "CONFIRMED", "ts": 1782544266.6663535, "volume": 2}
{"action": "CLOSE", "direction": "SELL", "instrument_id": "FG608P960", "order_id": "ORD_1782544266673_bb590a0f", "platform_order_id": "", "price": 12.600000000000001, "state": "SUBMITTED", "ts": 1782544266.6908562, "volume": 2}
{"action": "CLOSE", "direction": "SELL", "instrument_id": "FG608P960", "order_id": "ORD_1782544266673_bb590a0f", "platform_order_id": "100", "price": 12.600000000000001, "state": "CONFIRMED", "ts": 1782544266.71532, "volume": 2}
{"action": "CLOSE", "direction": "SELL", "instrument_id": "FG608P960", "order_id": "ORD_1782544266725_cab81f3e", "platform_order_id": "", "price": 12.0, "state": "SUBMITTED", "ts": 1782544266.742315, "volume": 2}
{"action": "CLOSE", "direction": "SELL", "instrument_id": "FG608P960", "order_id": "ORD_1782544266725_cab81f3e", "platform_order_id": "101", "price": 12.0, "state": "CONFIRMED", "ts": 1782544266.7661452, "volume": 2}
{"action": "CLOSE", "direction": "SELL", "instrument_id": "FG608P960", "order_id": "ORD_1782544266770_b87d7261", "platform_order_id": "", "price": 12.200000000000001, "state": "SUBMITTED", "ts": 1782544266.7841468, "volume": 2}
{"action": "CLOSE", "direction": "SELL", "instrument_id": "FG608P960", "order_id": "ORD_1782544266770_b87d7261", "platform_order_id": "102", "price": 12.200000000000001, "state": "CONFIRMED", "ts": 1782544266.9092467, "volume": 2}
{"action": "CLOSE", "direction": "SELL", "instrument_id": "FG609P950", "order_id": "ORD_1782544267009_23a9aac1", "platform_order_id": "", "price": 23.0, "state": "SUBMITTED", "ts": 1782544267.1062627, "volume": 2}
{"action": "CLOSE", "direction": "SELL", "instrument_id": "FG609P950", "order_id": "ORD_1782544267009_23a9aac1", "platform_order_id": "103", "price": 23.0, "state": "CONFIRMED", "ts": 1782544267.2662735, "volume": 2}
{"action": "CLOSE", "direction": "SELL", "instrument_id": "FG609P950", "order_id": "ORD_1782544267271_19a30108", "platform_order_id": "", "price": 23.6, "state": "SUBMITTED", "ts": 1782544267.286535, "volume": 2}
{"action": "CLOSE", "direction": "SELL", "instrument_id": "FG609P950", "order_id": "ORD_1782544267271_19a30108", "platform_order_id": "104", "price": 23.6, "state": "CONFIRMED", "ts": 1782544267.3230767, "volume": 2}
{"action": "CLOSE", "direction": "SELL", "instrument_id": "FG609P970", "order_id": "ORD_1782544267328_645e2bf1", "platform_order_id": "", "price": 32.0, "state": "SUBMITTED", "ts": 1782544267.3460774, "volume": 1}
{"action": "CLOSE", "direction": "SELL", "instrument_id": "FG609P970", "order_id": "ORD_1782544267328_645e2bf1", "platform_order_id": "105", "price": 32.0, "state": "CONFIRMED", "ts": 1782544267.3756876, "volume": 1}
{"action": "CLOSE", "direction": "SELL", "instrument_id": "FG609P970", "order_id": "ORD_1782544267380_432df764", "platform_order_id": "", "price": 32.0, "state": "SUBMITTED", "ts": 1782544267.4227958, "volume": 1}
{"action": "CLOSE", "direction": "SELL", "instrument_id": "FG609P970", "order_id": "ORD_1782544267380_432df764", "platform_order_id": "106", "price": 32.0, "state": "CONFIRMED", "ts": 1782544267.4536488, "volume": 1}
{"action": "CLOSE", "direction": "SELL", "instrument_id": "FG609P920", "order_id": "ORD_1782544267460_b94bdcc6", "platform_order_id": "", "price": 13.0, "state": "SUBMITTED", "ts": 1782544267.48565, "volume": 1}
{"action": "CLOSE", "direction": "SELL", "instrument_id": "FG609P920", "order_id": "ORD_1782544267460_b94bdcc6", "platform_order_id": "107", "price": 13.0, "state": "CONFIRMED", "ts": 1782544267.5089743, "volume": 1}
{"action": "CLOSE", "direction": "SELL", "instrument_id": "CJ609C10000", "order_id": "ORD_1782544267518_71a898c7", "platform_order_id": "", "price": 39.0, "state": "SUBMITTED", "ts": 1782544267.5340862, "volume": 1}
{"action": "CLOSE", "direction": "SELL", "instrument_id": "CJ609C10000", "order_id": "ORD_1782544267518_71a898c7", "platform_order_id": "108", "price": 39.0, "state": "CONFIRMED", "ts": 1782544267.5523105, "volume": 1}
{"action": "CLOSE", "direction": "SELL", "instrument_id": "FG608P950", "order_id": "ORD_1782544267556_de812ada", "platform_order_id": "", "price": 8.6, "state": "SUBMITTED", "ts": 1782544267.5722432, "volume": 1}
{"action": "CLOSE", "direction": "SELL", "instrument_id": "FG608P950", "order_id": "ORD_1782544267556_de812ada", "platform_order_id": "109", "price": 8.6, "state": "CONFIRMED", "ts": 1782544267.6035018, "volume": 1}
{"action": "CLOSE", "direction": "SELL", "instrument_id": "FG608P950", "order_id": "ORD_1782544267610_cbc7bcde", "platform_order_id": "", "price": 7.6000000000000005, "state": "SUBMITTED", "ts": 1782544267.6354988, "volume": 1}
{"action": "CLOSE", "direction": "SELL", "instrument_id": "FG608P950", "order_id": "ORD_1782544267610_cbc7bcde", "platform_order_id": "110", "price": 7.6000000000000005, "state": "CONFIRMED", "ts": 1782544267.6540368, "volume": 1}
{"action": "CLOSE", "direction": "SELL", "instrument_id": "FG608P910", "order_id": "ORD_1782544267662_85ed1ec7", "platform_order_id": "", "price": 1.0, "state": "SUBMITTED", "ts": 1782544267.6940446, "volume": 1}
{"action": "CLOSE", "direction": "SELL", "instrument_id": "FG608P910", "order_id": "ORD_1782544267662_85ed1ec7", "platform_order_id": "111", "price": 1.0, "state": "CONFIRMED", "ts": 1782544267.7180505, "volume": 1}
{"action": "CLOSE", "direction": "SELL", "instrument_id": "FG608P900", "order_id": "ORD_1782544267730_ec8cc44e", "platform_order_id": "", "price": 0.6000000000000001, "state": "SUBMITTED", "ts": 1782544267.744447, "volume": 1}
{"action": "CLOSE", "direction": "SELL", "instrument_id": "FG608P900", "order_id": "ORD_1782544267730_ec8cc44e", "platform_order_id": "112", "price": 0.6000000000000001, "state": "CONFIRMED", "ts": 1782544267.760972, "volume": 1}
{"action": "CLOSE", "direction": "SELL", "instrument_id": "FG609P1040", "order_id": "ORD_1782544267764_28d8ead5", "platform_order_id": "", "price": 91.0, "state": "SUBMITTED", "ts": 1782544267.7820084, "volume": 1}
{"action": "CLOSE", "direction": "SELL", "instrument_id": "FG609P1040", "order_id": "ORD_1782544267764_28d8ead5", "platform_order_id": "113", "price": 91.0, "state": "CONFIRMED", "ts": 1782544267.7990084, "volume": 1}
{"action": "CLOSE", "direction": "SELL", "instrument_id": "FG609C980", "order_id": "ORD_1782544267800_a69691eb", "platform_order_id": "", "price": 37.0, "state": "SUBMITTED", "ts": 1782544267.8186812, "volume": 1}
{"action": "CLOSE", "direction": "SELL", "instrument_id": "FG609C980", "order_id": "ORD_1782544267800_a69691eb", "platform_order_id": "114", "price": 37.0, "state": "CONFIRMED", "ts": 1782544267.8341289, "volume": 1}
{"action": "CLOSE", "direction": "SELL", "instrument_id": "MA608C2550", "order_id": "ORD_1782544267838_c073810b", "platform_order_id": "", "price": 128.4, "state": "SUBMITTED", "ts": 1782544267.8513966, "volume": 1}
{"action": "CLOSE", "direction": "SELL", "instrument_id": "MA608C2550", "order_id": "ORD_1782544267838_c073810b", "platform_order_id": "115", "price": 128.4, "state": "CONFIRMED", "ts": 1782544267.8677566, "volume": 1}
{"action": "CLOSE", "direction": "SELL", "instrument_id": "CJ609C10000", "order_id": "ORD_1782544269732_5ce233e6", "platform_order_id": "", "price": 26.0, "state": "SUBMITTED", "ts": 1782544269.744461, "volume": 1}
{"action": "CLOSE", "direction": "SELL", "instrument_id": "CJ609C10000", "order_id": "ORD_1782544269732_5ce233e6", "platform_order_id": "116", "price": 26.0, "state": "CONFIRMED", "ts": 1782544269.7725253, "volume": 1}
{"action": "OPEN", "direction": "BUY", "instrument_id": "CF609P15000", "order_id": "ORD_1782544271897_305b1dcc", "platform_order_id": "", "price": 93.2, "state": "SUBMITTED", "ts": 1782544271.9151165, "volume": 1}
{"action": "OPEN", "direction": "BUY", "instrument_id": "CF609P15000", "order_id": "ORD_1782544271897_305b1dcc", "platform_order_id": "", "price": 93.2, "state": "FAILED", "ts": 1782544271.9406936, "volume": 1}
{"action": "CLOSE", "direction": "SELL", "instrument_id": "FG608P900", "order_id": "ORD_1782544281790_c63b1606", "platform_order_id": "", "price": 1.0, "state": "SUBMITTED", "ts": 1782544281.8054383, "volume": 1}
{"action": "CLOSE", "direction": "SELL", "instrument_id": "FG608P910", "order_id": "ORD_1782544281791_1940f5ad", "platform_order_id": "", "price": 0.4, "state": "SUBMITTED", "ts": 1782544281.8054383, "volume": 1}
{"action": "CLOSE", "direction": "SELL", "instrument_id": "FG608P900", "order_id": "ORD_1782544281790_c63b1606", "platform_order_id": "117", "price": 1.0, "state": "CONFIRMED", "ts": 1782544281.8259215, "volume": 1}
{"action": "CLOSE", "direction": "SELL", "instrument_id": "FG608P910", "order_id": "ORD_1782544281791_1940f5ad", "platform_order_id": "118", "price": 0.4, "state": "CONFIRMED", "ts": 1782544281.8379226, "volume": 1}
{"action": "OPEN", "direction": "BUY", "instrument_id": "cu2607C106000", "order_id": "ORD_1782544301903_35de8615", "platform_order_id": "", "price": 366.20000000000005, "state": "SUBMITTED", "ts": 1782544302.0720005, "volume": 1}
{"action": "OPEN", "direction": "BUY", "instrument_id": "cu2607C106000", "order_id": "ORD_1782544301903_35de8615", "platform_order_id": "119", "price": 366.20000000000005, "state": "CONFIRMED", "ts": 1782544302.220035, "volume": 1}
{"action": "OPEN", "direction": "BUY", "instrument_id": "cu2607C106000", "order_id": "ORD_1782544307938_8adf1da7", "platform_order_id": "", "price": 366.40000000000003, "state": "SUBMITTED", "ts": 1782544308.0264232, "volume": 1}
{"action": "OPEN", "direction": "BUY", "instrument_id": "cu2607C106000", "order_id": "ORD_1782544307938_8adf1da7", "platform_order_id": "120", "price": 366.40000000000003, "state": "CONFIRMED", "ts": 1782544308.122984, "volume": 1}
{"action": "OPEN", "direction": "BUY", "instrument_id": "cu2607C106000", "order_id": "ORD_1782544313931_5307f808", "platform_order_id": "", "price": 366.8, "state": "SUBMITTED", "ts": 1782544314.0434322, "volume": 1}
{"action": "OPEN", "direction": "BUY", "instrument_id": "cu2607C106000", "order_id": "ORD_1782544313931_5307f808", "platform_order_id": "121", "price": 366.8, "state": "CONFIRMED", "ts": 1782544314.4235187, "volume": 1}
{"action": "OPEN", "direction": "BUY", "instrument_id": "cu2607C106000", "order_id": "ORD_1782544319894_085341c3", "platform_order_id": "", "price": 367.40000000000003, "state": "SUBMITTED", "ts": 1782544319.911833, "volume": 1}
{"action": "OPEN", "direction": "BUY", "instrument_id": "cu2607C106000", "order_id": "ORD_1782544319894_085341c3", "platform_order_id": "122", "price": 367.40000000000003, "state": "CONFIRMED", "ts": 1782544319.9427066, "volume": 1}
{"action": "OPEN", "direction": "BUY", "instrument_id": "MA608C2500", "order_id": "ORD_1782544331906_4ef47cf1", "platform_order_id": "", "price": 180.20000000000002, "state": "SUBMITTED", "ts": 1782544332.0199826, "volume": 1}
{"action": "OPEN", "direction": "BUY", "instrument_id": "MA608C2500", "order_id": "ORD_1782544331906_4ef47cf1", "platform_order_id": "123", "price": 180.20000000000002, "state": "CONFIRMED", "ts": 1782544332.0729866, "volume": 1}
{"action": "OPEN", "direction": "BUY", "instrument_id": "MA608C2500", "order_id": "ORD_1782544337921_a70df49c", "platform_order_id": "", "price": 180.4, "state": "SUBMITTED", "ts": 1782544338.0117567, "volume": 1}
{"action": "OPEN", "direction": "BUY", "instrument_id": "MA608C2500", "order_id": "ORD_1782544337921_a70df49c", "platform_order_id": "124", "price": 180.4, "state": "CONFIRMED", "ts": 1782544338.333781, "volume": 1}
{"action": "OPEN", "direction": "BUY", "instrument_id": "MA608C2500", "order_id": "ORD_1782544343901_90a19c00", "platform_order_id": "", "price": 180.8, "state": "SUBMITTED", "ts": 1782544343.9201252, "volume": 1}
{"action": "OPEN", "direction": "BUY", "instrument_id": "MA608C2500", "order_id": "ORD_1782544343901_90a19c00", "platform_order_id": "", "price": 180.8, "state": "FAILED", "ts": 1782544343.9495122, "volume": 1}
{"action": "OPEN", "direction": "BUY", "instrument_id": "MA608C2500", "order_id": "ORD_1782544361911_5481b7fa", "platform_order_id": "", "price": 180.20000000000002, "state": "SUBMITTED", "ts": 1782544361.9939814, "volume": 1}
{"action": "OPEN", "direction": "BUY", "instrument_id": "MA608C2500", "order_id": "ORD_1782544361911_5481b7fa", "platform_order_id": "125", "price": 180.20000000000002, "state": "CONFIRMED", "ts": 1782544362.0275247, "volume": 1}
{"action": "OPEN", "direction": "BUY", "instrument_id": "HO2609-C-2900", "order_id": "ORD_1782544391905_355e22a0", "platform_order_id": "", "price": 113.2, "state": "SUBMITTED", "ts": 1782544391.9285758, "volume": 1}
{"action": "OPEN", "direction": "BUY", "instrument_id": "HO2609-C-2900", "order_id": "ORD_1782544391905_355e22a0", "platform_order_id": "126", "price": 113.2, "state": "CONFIRMED", "ts": 1782544391.9581807, "volume": 1}
{"action": "OPEN", "direction": "BUY", "instrument_id": "MA608C2500", "order_id": "ORD_1782544421932_25d65375", "platform_order_id": "", "price": 180.20000000000002, "state": "SUBMITTED", "ts": 1782544422.0331252, "volume": 1}
{"action": "OPEN", "direction": "BUY", "instrument_id": "MA608C2500", "order_id": "ORD_1782544421932_25d65375", "platform_order_id": "127", "price": 180.20000000000002, "state": "CONFIRMED", "ts": 1782544422.2418327, "volume": 1}
{"action": "OPEN", "direction": "BUY", "instrument_id": "HO2609-C-2900", "order_id": "ORD_1782544451908_80790e35", "platform_order_id": "", "price": 113.2, "state": "SUBMITTED", "ts": 1782544451.9755461, "volume": 1}
{"action": "OPEN", "direction": "BUY", "instrument_id": "HO2609-C-2900", "order_id": "ORD_1782544451908_80790e35", "platform_order_id": "128", "price": 113.2, "state": "CONFIRMED", "ts": 1782544452.0165505, "volume": 1}
{"action": "OPEN", "direction": "BUY", "instrument_id": "HO2609-C-2900", "order_id": "ORD_1782544457961_344406cb", "platform_order_id": "", "price": 113.4, "state": "SUBMITTED", "ts": 1782544457.980918, "volume": 1}
{"action": "OPEN", "direction": "BUY", "instrument_id": "HO2609-C-2900", "order_id": "ORD_1782544457961_344406cb", "platform_order_id": "129", "price": 113.4, "state": "CONFIRMED", "ts": 1782544458.0129757, "volume": 1}
{"action": "OPEN", "direction": "BUY", "instrument_id": "HO2609-C-2900", "order_id": "ORD_1782544463964_94938954", "platform_order_id": "", "price": 113.80000000000001, "state": "SUBMITTED", "ts": 1782544464.051595, "volume": 1}
{"action": "OPEN", "direction": "BUY", "instrument_id": "HO2609-C-2900", "order_id": "ORD_1782544463964_94938954", "platform_order_id": "130", "price": 113.80000000000001, "state": "CONFIRMED", "ts": 1782544464.1141646, "volume": 1}
{"action": "OPEN", "direction": "BUY", "instrument_id": "HO2609-C-2900", "order_id": "ORD_1782544469910_5fca5198", "platform_order_id": "", "price": 114.4, "state": "SUBMITTED", "ts": 1782544469.9691288, "volume": 1}
{"action": "OPEN", "direction": "BUY", "instrument_id": "HO2609-C-2900", "order_id": "ORD_1782544469910_5fca5198", "platform_order_id": "131", "price": 114.4, "state": "CONFIRMED", "ts": 1782544470.1923778, "volume": 1}
{"action": "OPEN", "direction": "BUY", "instrument_id": "MA608C2500", "order_id": "ORD_1782544481924_d87a89b9", "platform_order_id": "", "price": 180.20000000000002, "state": "SUBMITTED", "ts": 1782544481.9458184, "volume": 1}
{"action": "OPEN", "direction": "BUY", "instrument_id": "MA608C2500", "order_id": "ORD_1782544481924_d87a89b9", "platform_order_id": "132", "price": 180.20000000000002, "state": "CONFIRMED", "ts": 1782544481.9736633, "volume": 1}
{"action": "OPEN", "direction": "BUY", "instrument_id": "cu2607C106000", "order_id": "ORD_1782544511903_ced84a79", "platform_order_id": "", "price": 366.20000000000005, "state": "SUBMITTED", "ts": 1782544512.0261562, "volume": 1}
{"action": "OPEN", "direction": "BUY", "instrument_id": "cu2607C106000", "order_id": "ORD_1782544511903_ced84a79", "platform_order_id": "133", "price": 366.20000000000005, "state": "CONFIRMED", "ts": 1782544512.140301, "volume": 1}
{"action": "OPEN", "direction": "BUY", "instrument_id": "HO2609-C-2900", "order_id": "ORD_1782544541909_b85ab1de", "platform_order_id": "", "price": 113.2, "state": "SUBMITTED", "ts": 1782544541.9935832, "volume": 1}
{"action": "OPEN", "direction": "BUY", "instrument_id": "HO2609-C-2900", "order_id": "ORD_1782544541909_b85ab1de", "platform_order_id": "134", "price": 113.2, "state": "CONFIRMED", "ts": 1782544542.4176786, "volume": 1}
{"action": "OPEN", "direction": "BUY", "instrument_id": "MA608C2500", "order_id": "ORD_1782544571920_3ae8aaa3", "platform_order_id": "", "price": 180.20000000000002, "state": "SUBMITTED", "ts": 1782544571.9417508, "volume": 1}
{"action": "OPEN", "direction": "BUY", "instrument_id": "MA608C2500", "order_id": "ORD_1782544571920_3ae8aaa3", "platform_order_id": "135", "price": 180.20000000000002, "state": "CONFIRMED", "ts": 1782544571.962919, "volume": 1}
{"action": "OPEN", "direction": "BUY", "instrument_id": "MA608C2500", "order_id": "ORD_1782544601918_6eba5bef", "platform_order_id": "", "price": 180.20000000000002, "state": "SUBMITTED", "ts": 1782544602.0064769, "volume": 1}
{"action": "OPEN", "direction": "BUY", "instrument_id": "MA608C2500", "order_id": "ORD_1782544601918_6eba5bef", "platform_order_id": "136", "price": 180.20000000000002, "state": "CONFIRMED", "ts": 1782544602.1505392, "volume": 1}
{"action": "OPEN", "direction": "BUY", "instrument_id": "MA608C2500", "order_id": "ORD_1782544631928_077ba419", "platform_order_id": "", "price": 180.20000000000002, "state": "SUBMITTED", "ts": 1782544631.9401882, "volume": 1}
{"action": "OPEN", "direction": "BUY", "instrument_id": "MA608C2500", "order_id": "ORD_1782544631928_077ba419", "platform_order_id": "137", "price": 180.20000000000002, "state": "CONFIRMED", "ts": 1782544632.0442095, "volume": 1}
{"action": "OPEN", "direction": "BUY", "instrument_id": "MA608C2500", "order_id": "ORD_1782544661899_e438cc10", "platform_order_id": "", "price": 180.20000000000002, "state": "SUBMITTED", "ts": 1782544661.9874961, "volume": 1}
{"action": "OPEN", "direction": "BUY", "instrument_id": "MA608C2500", "order_id": "ORD_1782544661899_e438cc10", "platform_order_id": "138", "price": 180.20000000000002, "state": "CONFIRMED", "ts": 1782544662.0129411, "volume": 1}
{"action": "OPEN", "direction": "BUY", "instrument_id": "MA608C2500", "order_id": "ORD_1782544691919_9fc38c5b", "platform_order_id": "", "price": 180.20000000000002, "state": "SUBMITTED", "ts": 1782544692.0140553, "volume": 1}
{"action": "OPEN", "direction": "BUY", "instrument_id": "MA608C2500", "order_id": "ORD_1782544691919_9fc38c5b", "platform_order_id": "139", "price": 180.20000000000002, "state": "CONFIRMED", "ts": 1782544692.1258945, "volume": 1}
{"action": "OPEN", "direction": "BUY", "instrument_id": "MA608C2500", "order_id": "ORD_1782544697917_9c01d075", "platform_order_id": "", "price": 180.4, "state": "SUBMITTED", "ts": 1782544698.1130748, "volume": 1}
{"action": "OPEN", "direction": "BUY", "instrument_id": "MA608C2500", "order_id": "ORD_1782544697917_9c01d075", "platform_order_id": "140", "price": 180.4, "state": "CONFIRMED", "ts": 1782544698.4691575, "volume": 1}
{"action": "OPEN", "direction": "BUY", "instrument_id": "MA608C2500", "order_id": "ORD_1782544703999_92463969", "platform_order_id": "", "price": 180.8, "state": "SUBMITTED", "ts": 1782544704.1347547, "volume": 1}
{"action": "OPEN", "direction": "BUY", "instrument_id": "MA608C2500", "order_id": "ORD_1782544703999_92463969", "platform_order_id": "141", "price": 180.8, "state": "CONFIRMED", "ts": 1782544704.2499397, "volume": 1}
{"action": "OPEN", "direction": "BUY", "instrument_id": "cu2607P100000", "order_id": "ORD_1782544721931_a5ccfbc4", "platform_order_id": "", "price": 72.2, "state": "SUBMITTED", "ts": 1782544721.9860752, "volume": 1}
{"action": "OPEN", "direction": "BUY", "instrument_id": "cu2607P100000", "order_id": "ORD_1782544721931_a5ccfbc4", "platform_order_id": "142", "price": 72.2, "state": "CONFIRMED", "ts": 1782544722.1840935, "volume": 1}
{"action": "OPEN", "direction": "BUY", "instrument_id": "cu2607P100000", "order_id": "ORD_1782544727914_8e9ab293", "platform_order_id": "", "price": 72.4, "state": "SUBMITTED", "ts": 1782544728.0210185, "volume": 1}
{"action": "OPEN", "direction": "BUY", "instrument_id": "cu2607P100000", "order_id": "ORD_1782544727914_8e9ab293", "platform_order_id": "143", "price": 72.4, "state": "CONFIRMED", "ts": 1782544728.2170336, "volume": 1}
{"action": "OPEN", "direction": "BUY", "instrument_id": "cu2607P100000", "order_id": "ORD_1782544733894_8413cb7e", "platform_order_id": "", "price": 72.8, "state": "SUBMITTED", "ts": 1782544734.1587713, "volume": 1}
{"action": "OPEN", "direction": "BUY", "instrument_id": "cu2607P100000", "order_id": "ORD_1782544733894_8413cb7e", "platform_order_id": "144", "price": 72.8, "state": "CONFIRMED", "ts": 1782544734.3009448, "volume": 1}
{"action": "OPEN", "direction": "BUY", "instrument_id": "cu2607P100000", "order_id": "ORD_1782544739918_98633e64", "platform_order_id": "", "price": 73.4, "state": "SUBMITTED", "ts": 1782544739.972058, "volume": 1}
{"action": "OPEN", "direction": "BUY", "instrument_id": "cu2607P100000", "order_id": "ORD_1782544739918_98633e64", "platform_order_id": "145", "price": 73.4, "state": "CONFIRMED", "ts": 1782544740.001919, "volume": 1}
{"action": "OPEN", "direction": "BUY", "instrument_id": "MA608C2500", "order_id": "ORD_1782544751899_554c5816", "platform_order_id": "", "price": 180.20000000000002, "state": "SUBMITTED", "ts": 1782544751.9453683, "volume": 1}
{"action": "OPEN", "direction": "BUY", "instrument_id": "MA608C2500", "order_id": "ORD_1782544751899_554c5816", "platform_order_id": "146", "price": 180.20000000000002, "state": "CONFIRMED", "ts": 1782544751.9647853, "volume": 1}
{"action": "OPEN", "direction": "BUY", "instrument_id": "MA608C2500", "order_id": "ORD_1782544781911_f5d3b844", "platform_order_id": "", "price": 180.20000000000002, "state": "SUBMITTED", "ts": 1782544781.960888, "volume": 1}
{"action": "OPEN", "direction": "BUY", "instrument_id": "MA608C2500", "order_id": "ORD_1782544781911_f5d3b844", "platform_order_id": "147", "price": 180.20000000000002, "state": "CONFIRMED", "ts": 1782544782.068911, "volume": 1}
{"action": "OPEN", "direction": "BUY", "instrument_id": "HO2609-C-2900", "order_id": "ORD_1782544811927_e1dfe592", "platform_order_id": "", "price": 113.2, "state": "SUBMITTED", "ts": 1782544812.0915189, "volume": 1}
{"action": "OPEN", "direction": "BUY", "instrument_id": "HO2609-C-2900", "order_id": "ORD_1782544811927_e1dfe592", "platform_order_id": "148", "price": 113.2, "state": "CONFIRMED", "ts": 1782544812.2715595, "volume": 1}
{"action": "OPEN", "direction": "BUY", "instrument_id": "HO2609-C-2900", "order_id": "ORD_1782544841906_c91e6c61", "platform_order_id": "", "price": 113.2, "state": "SUBMITTED", "ts": 1782544841.9606333, "volume": 1}
{"action": "OPEN", "direction": "BUY", "instrument_id": "HO2609-C-2900", "order_id": "ORD_1782544841906_c91e6c61", "platform_order_id": "149", "price": 113.2, "state": "CONFIRMED", "ts": 1782544842.0926368, "volume": 1}
{"action": "OPEN", "direction": "BUY", "instrument_id": "cu2607P100000", "order_id": "ORD_1782544871965_b712d377", "platform_order_id": "", "price": 72.2, "state": "SUBMITTED", "ts": 1782544872.1139069, "volume": 1}
{"action": "OPEN", "direction": "BUY", "instrument_id": "cu2607P100000", "order_id": "ORD_1782544871965_b712d377", "platform_order_id": "150", "price": 72.2, "state": "CONFIRMED", "ts": 1782544872.3339555, "volume": 1}
{"action": "OPEN", "direction": "BUY", "instrument_id": "MA608C2500", "order_id": "ORD_1782544901968_739a0534", "platform_order_id": "", "price": 180.20000000000002, "state": "SUBMITTED", "ts": 1782544902.1843276, "volume": 1}
{"action": "OPEN", "direction": "BUY", "instrument_id": "MA608C2500", "order_id": "ORD_1782544901968_739a0534", "platform_order_id": "151", "price": 180.20000000000002, "state": "CONFIRMED", "ts": 1782544902.4581246, "volume": 1}
{"action": "OPEN", "direction": "BUY", "instrument_id": "MA608C2500", "order_id": "ORD_1782544931938_a2cc0820", "platform_order_id": "", "price": 180.20000000000002, "state": "SUBMITTED", "ts": 1782544931.9545007, "volume": 1}
{"action": "OPEN", "direction": "BUY", "instrument_id": "MA608C2500", "order_id": "ORD_1782544931938_a2cc0820", "platform_order_id": "152", "price": 180.20000000000002, "state": "CONFIRMED", "ts": 1782544932.0905304, "volume": 1}
{"action": "OPEN", "direction": "BUY", "instrument_id": "MA608C2500", "order_id": "ORD_1782544961921_0a22b3b5", "platform_order_id": "", "price": 180.20000000000002, "state": "SUBMITTED", "ts": 1782544962.0710483, "volume": 1}
{"action": "OPEN", "direction": "BUY", "instrument_id": "MA608C2500", "order_id": "ORD_1782544961921_0a22b3b5", "platform_order_id": "153", "price": 180.20000000000002, "state": "CONFIRMED", "ts": 1782544962.090015, "volume": 1}
{"action": "OPEN", "direction": "BUY", "instrument_id": "cu2607C106000", "order_id": "ORD_1782544991911_6f6caa10", "platform_order_id": "", "price": 366.20000000000005, "state": "SUBMITTED", "ts": 1782544991.9511309, "volume": 1}
{"action": "OPEN", "direction": "BUY", "instrument_id": "cu2607C106000", "order_id": "ORD_1782544991911_6f6caa10", "platform_order_id": "154", "price": 366.20000000000005, "state": "CONFIRMED", "ts": 1782544991.9704616, "volume": 1}
{"action": "OPEN", "direction": "BUY", "instrument_id": "cu2607C106000", "order_id": "ORD_1782544997908_9a04a262", "platform_order_id": "", "price": 366.40000000000003, "state": "SUBMITTED", "ts": 1782544997.923741, "volume": 1}
{"action": "OPEN", "direction": "BUY", "instrument_id": "cu2607C106000", "order_id": "ORD_1782544997908_9a04a262", "platform_order_id": "155", "price": 366.40000000000003, "state": "CONFIRMED", "ts": 1782544997.9697444, "volume": 1}
{"action": "OPEN", "direction": "BUY", "instrument_id": "cu2607C106000", "order_id": "ORD_1782545003911_2c18c4dc", "platform_order_id": "", "price": 366.8, "state": "SUBMITTED", "ts": 1782545003.928111, "volume": 1}
{"action": "OPEN", "direction": "BUY", "instrument_id": "cu2607C106000", "order_id": "ORD_1782545003911_2c18c4dc", "platform_order_id": "156", "price": 366.8, "state": "CONFIRMED", "ts": 1782545003.9591463, "volume": 1}
{"action": "OPEN", "direction": "BUY", "instrument_id": "cu2607C106000", "order_id": "ORD_1782545009903_188284d8", "platform_order_id": "", "price": 367.40000000000003, "state": "SUBMITTED", "ts": 1782545009.9440928, "volume": 1}
{"action": "OPEN", "direction": "BUY", "instrument_id": "cu2607C106000", "order_id": "ORD_1782545009903_188284d8", "platform_order_id": "157", "price": 367.40000000000003, "state": "CONFIRMED", "ts": 1782545010.1311061, "volume": 1}
{"action": "OPEN", "direction": "BUY", "instrument_id": "MA608C2500", "order_id": "ORD_1782545021902_d3f10b04", "platform_order_id": "", "price": 180.20000000000002, "state": "SUBMITTED", "ts": 1782545021.9295192, "volume": 1}
{"action": "OPEN", "direction": "BUY", "instrument_id": "MA608C2500", "order_id": "ORD_1782545021902_d3f10b04", "platform_order_id": "158", "price": 180.20000000000002, "state": "CONFIRMED", "ts": 1782545021.971013, "volume": 1}
{"action": "OPEN", "direction": "BUY", "instrument_id": "MA608C2500", "order_id": "ORD_1782545027929_10feafe1", "platform_order_id": "", "price": 180.4, "state": "SUBMITTED", "ts": 1782545028.1003292, "volume": 1}
{"action": "OPEN", "direction": "BUY", "instrument_id": "MA608C2500", "order_id": "ORD_1782545027929_10feafe1", "platform_order_id": "159", "price": 180.4, "state": "CONFIRMED", "ts": 1782545028.2389343, "volume": 1}
{"action": "OPEN", "direction": "BUY", "instrument_id": "MA608C2500", "order_id": "ORD_1782545033942_a2eb5be7", "platform_order_id": "", "price": 180.8, "state": "SUBMITTED", "ts": 1782545033.966951, "volume": 1}
{"action": "OPEN", "direction": "BUY", "instrument_id": "MA608C2500", "order_id": "ORD_1782545033942_a2eb5be7", "platform_order_id": "160", "price": 180.8, "state": "CONFIRMED", "ts": 1782545034.0429704, "volume": 1}
{"action": "OPEN", "direction": "BUY", "instrument_id": "MA608C2500", "order_id": "ORD_1782545039889_f884eaf6", "platform_order_id": "", "price": 181.4, "state": "SUBMITTED", "ts": 1782545039.9374397, "volume": 1}
{"action": "OPEN", "direction": "BUY", "instrument_id": "MA608C2500", "order_id": "ORD_1782545039889_f884eaf6", "platform_order_id": "161", "price": 181.4, "state": "CONFIRMED", "ts": 1782545039.9664414, "volume": 1}
{"action": "OPEN", "direction": "BUY", "instrument_id": "MA608C2500", "order_id": "ORD_1782545051974_5943e3c1", "platform_order_id": "", "price": 180.20000000000002, "state": "SUBMITTED", "ts": 1782545052.0476916, "volume": 1}
{"action": "OPEN", "direction": "BUY", "instrument_id": "MA608C2500", "order_id": "ORD_1782545051974_5943e3c1", "platform_order_id": "162", "price": 180.20000000000002, "state": "CONFIRMED", "ts": 1782545052.0814562, "volume": 1}
{"action": "OPEN", "direction": "BUY", "instrument_id": "MA608C2500", "order_id": "ORD_1782545081944_780ef3c5", "platform_order_id": "", "price": 180.20000000000002, "state": "SUBMITTED", "ts": 1782545082.0447717, "volume": 1}
{"action": "OPEN", "direction": "BUY", "instrument_id": "MA608C2500", "order_id": "ORD_1782545081944_780ef3c5", "platform_order_id": "163", "price": 180.20000000000002, "state": "CONFIRMED", "ts": 1782545082.065124, "volume": 1}
{"action": "OPEN", "direction": "BUY", "instrument_id": "MA608C2500", "order_id": "ORD_1782545111914_230801bc", "platform_order_id": "", "price": 180.20000000000002, "state": "SUBMITTED", "ts": 1782545111.929242, "volume": 1}
{"action": "OPEN", "direction": "BUY", "instrument_id": "MA608C2500", "order_id": "ORD_1782545111914_230801bc", "platform_order_id": "164", "price": 180.20000000000002, "state": "CONFIRMED", "ts": 1782545112.00123, "volume": 1}
{"action": "OPEN", "direction": "BUY", "instrument_id": "cu2607P100000", "order_id": "ORD_1782545141905_ac4a6fae", "platform_order_id": "", "price": 72.2, "state": "SUBMITTED", "ts": 1782545141.92476, "volume": 1}
{"action": "OPEN", "direction": "BUY", "instrument_id": "cu2607P100000", "order_id": "ORD_1782545141905_ac4a6fae", "platform_order_id": "165", "price": 72.2, "state": "CONFIRMED", "ts": 1782545141.943889, "volume": 1}
{"action": "OPEN", "direction": "BUY", "instrument_id": "cu2607P100000", "order_id": "ORD_1782545147897_e30ad49e", "platform_order_id": "", "price": 72.4, "state": "SUBMITTED", "ts": 1782545147.913179, "volume": 1}
{"action": "OPEN", "direction": "BUY", "instrument_id": "cu2607P100000", "order_id": "ORD_1782545147897_e30ad49e", "platform_order_id": "166", "price": 72.4, "state": "CONFIRMED", "ts": 1782545147.9351804, "volume": 1}
{"action": "OPEN", "direction": "BUY", "instrument_id": "cu2607P100000", "order_id": "ORD_1782545153993_99bbc7cb", "platform_order_id": "", "price": 72.8, "state": "SUBMITTED", "ts": 1782545154.0127134, "volume": 1}
{"action": "OPEN", "direction": "BUY", "instrument_id": "cu2607P100000", "order_id": "ORD_1782545153993_99bbc7cb", "platform_order_id": "167", "price": 72.8, "state": "CONFIRMED", "ts": 1782545154.0390263, "volume": 1}
{"action": "OPEN", "direction": "BUY", "instrument_id": "cu2607P100000", "order_id": "ORD_1782545159904_c877638d", "platform_order_id": "", "price": 73.4, "state": "SUBMITTED", "ts": 1782545160.0259182, "volume": 1}
{"action": "OPEN", "direction": "BUY", "instrument_id": "cu2607P100000", "order_id": "ORD_1782545159904_c877638d", "platform_order_id": "168", "price": 73.4, "state": "CONFIRMED", "ts": 1782545160.1850445, "volume": 1}
{"action": "OPEN", "direction": "BUY", "instrument_id": "HO2609-C-2900", "order_id": "ORD_1782545171917_fd30291a", "platform_order_id": "", "price": 113.2, "state": "SUBMITTED", "ts": 1782545172.007061, "volume": 1}
{"action": "OPEN", "direction": "BUY", "instrument_id": "HO2609-C-2900", "order_id": "ORD_1782545171917_fd30291a", "platform_order_id": "169", "price": 113.2, "state": "CONFIRMED", "ts": 1782545172.1000686, "volume": 1}
{"action": "OPEN", "direction": "BUY", "instrument_id": "HO2609-C-2900", "order_id": "ORD_1782545201922_b20e3469", "platform_order_id": "", "price": 113.2, "state": "SUBMITTED", "ts": 1782545201.9422162, "volume": 1}
{"action": "OPEN", "direction": "BUY", "instrument_id": "HO2609-C-2900", "order_id": "ORD_1782545201922_b20e3469", "platform_order_id": "170", "price": 113.2, "state": "CONFIRMED", "ts": 1782545201.9622912, "volume": 1}
{"action": "OPEN", "direction": "BUY", "instrument_id": "MA608C2500", "order_id": "ORD_1782545231920_d3c9d51c", "platform_order_id": "", "price": 180.20000000000002, "state": "SUBMITTED", "ts": 1782545231.9526854, "volume": 1}
{"action": "OPEN", "direction": "BUY", "instrument_id": "MA608C2500", "order_id": "ORD_1782545231920_d3c9d51c", "platform_order_id": "171", "price": 180.20000000000002, "state": "CONFIRMED", "ts": 1782545232.141817, "volume": 1}
{"action": "OPEN", "direction": "BUY", "instrument_id": "MA608C2500", "order_id": "ORD_1782545261964_faade76d", "platform_order_id": "", "price": 180.20000000000002, "state": "SUBMITTED", "ts": 1782545262.127029, "volume": 1}
{"action": "OPEN", "direction": "BUY", "instrument_id": "MA608C2500", "order_id": "ORD_1782545261964_faade76d", "platform_order_id": "172", "price": 180.20000000000002, "state": "CONFIRMED", "ts": 1782545262.1670382, "volume": 1}
{"action": "OPEN", "direction": "BUY", "instrument_id": "MA608C2500", "order_id": "ORD_1782545291936_0a29e329", "platform_order_id": "", "price": 180.20000000000002, "state": "SUBMITTED", "ts": 1782545292.0927858, "volume": 1}
{"action": "OPEN", "direction": "BUY", "instrument_id": "MA608C2500", "order_id": "ORD_1782545291936_0a29e329", "platform_order_id": "173", "price": 180.20000000000002, "state": "CONFIRMED", "ts": 1782545292.2125416, "volume": 1}
{"action": "OPEN", "direction": "BUY", "instrument_id": "MA608C2500", "order_id": "ORD_1782545321938_39d734df", "platform_order_id": "", "price": 180.20000000000002, "state": "SUBMITTED", "ts": 1782545321.9760087, "volume": 1}
{"action": "OPEN", "direction": "BUY", "instrument_id": "MA608C2500", "order_id": "ORD_1782545321938_39d734df", "platform_order_id": "174", "price": 180.20000000000002, "state": "CONFIRMED", "ts": 1782545322.00382, "volume": 1}
{"action": "OPEN", "direction": "BUY", "instrument_id": "MA608C2500", "order_id": "ORD_1782545351931_6f446823", "platform_order_id": "", "price": 180.20000000000002, "state": "SUBMITTED", "ts": 1782545352.0642922, "volume": 1}
{"action": "OPEN", "direction": "BUY", "instrument_id": "MA608C2500", "order_id": "ORD_1782545351931_6f446823", "platform_order_id": "175", "price": 180.20000000000002, "state": "CONFIRMED", "ts": 1782545352.1973028, "volume": 1}
{"action": "OPEN", "direction": "BUY", "instrument_id": "MA608C2500", "order_id": "ORD_1782545357901_e8ec3576", "platform_order_id": "", "price": 180.4, "state": "SUBMITTED", "ts": 1782545358.0295534, "volume": 1}
{"action": "OPEN", "direction": "BUY", "instrument_id": "MA608C2500", "order_id": "ORD_1782545357901_e8ec3576", "platform_order_id": "176", "price": 180.4, "state": "CONFIRMED", "ts": 1782545358.2815642, "volume": 1}
{"action": "OPEN", "direction": "BUY", "instrument_id": "HO2609-C-2900", "order_id": "ORD_1782545381908_ade604f9", "platform_order_id": "", "price": 113.2, "state": "SUBMITTED", "ts": 1782545381.9230163, "volume": 1}
{"action": "OPEN", "direction": "BUY", "instrument_id": "HO2609-C-2900", "order_id": "ORD_1782545381908_ade604f9", "platform_order_id": "177", "price": 113.2, "state": "CONFIRMED", "ts": 1782545381.9387953, "volume": 1}
{"action": "OPEN", "direction": "BUY", "instrument_id": "cu2607P100000", "order_id": "ORD_1782545411907_42d584cf", "platform_order_id": "", "price": 72.2, "state": "SUBMITTED", "ts": 1782545411.9952273, "volume": 1}
{"action": "OPEN", "direction": "BUY", "instrument_id": "cu2607P100000", "order_id": "ORD_1782545411907_42d584cf", "platform_order_id": "178", "price": 72.2, "state": "CONFIRMED", "ts": 1782545412.0232356, "volume": 1}
{"action": "OPEN", "direction": "BUY", "instrument_id": "cu2607C106000", "order_id": "ORD_1782545441935_61dabdac", "platform_order_id": "", "price": 366.20000000000005, "state": "SUBMITTED", "ts": 1782545442.1208432, "volume": 1}
{"action": "OPEN", "direction": "BUY", "instrument_id": "cu2607C106000", "order_id": "ORD_1782545441935_61dabdac", "platform_order_id": "179", "price": 366.20000000000005, "state": "CONFIRMED", "ts": 1782545442.177674, "volume": 1}
{"action": "OPEN", "direction": "BUY", "instrument_id": "cu2607C106000", "order_id": "ORD_1782545447909_d1f81779", "platform_order_id": "", "price": 366.40000000000003, "state": "SUBMITTED", "ts": 1782545448.0345502, "volume": 1}
{"action": "OPEN", "direction": "BUY", "instrument_id": "cu2607C106000", "order_id": "ORD_1782545447909_d1f81779", "platform_order_id": "180", "price": 366.40000000000003, "state": "CONFIRMED", "ts": 1782545448.1152546, "volume": 1}
{"action": "OPEN", "direction": "BUY", "instrument_id": "cu2607C106000", "order_id": "ORD_1782545453898_2817df10", "platform_order_id": "", "price": 366.8, "state": "SUBMITTED", "ts": 1782545453.9428575, "volume": 1}
{"action": "OPEN", "direction": "BUY", "instrument_id": "cu2607C106000", "order_id": "ORD_1782545453898_2817df10", "platform_order_id": "181", "price": 366.8, "state": "CONFIRMED", "ts": 1782545454.0428777, "volume": 1}
{"action": "OPEN", "direction": "BUY", "instrument_id": "cu2607C106000", "order_id": "ORD_1782545459945_35afa771", "platform_order_id": "", "price": 367.40000000000003, "state": "SUBMITTED", "ts": 1782545460.145205, "volume": 1}
{"action": "OPEN", "direction": "BUY", "instrument_id": "cu2607C106000", "order_id": "ORD_1782545459945_35afa771", "platform_order_id": "182", "price": 367.40000000000003, "state": "CONFIRMED", "ts": 1782545460.1967094, "volume": 1}
{"action": "OPEN", "direction": "BUY", "instrument_id": "cu2607C106000", "order_id": "ORD_1782545471898_220f219a", "platform_order_id": "", "price": 366.20000000000005, "state": "SUBMITTED", "ts": 1782545471.9164805, "volume": 1}
{"action": "OPEN", "direction": "BUY", "instrument_id": "cu2607C106000", "order_id": "ORD_1782545471898_220f219a", "platform_order_id": "183", "price": 366.20000000000005, "state": "CONFIRMED", "ts": 1782545471.9327683, "volume": 1}
{"action": "OPEN", "direction": "BUY", "instrument_id": "HO2609-C-2900", "order_id": "ORD_1782545501921_5d83e73d", "platform_order_id": "", "price": 113.2, "state": "SUBMITTED", "ts": 1782545501.9500957, "volume": 1}
{"action": "OPEN", "direction": "BUY", "instrument_id": "HO2609-C-2900", "order_id": "ORD_1782545501921_5d83e73d", "platform_order_id": "184", "price": 113.2, "state": "CONFIRMED", "ts": 1782545502.0776124, "volume": 1}
{"action": "OPEN", "direction": "BUY", "instrument_id": "HO2609-C-2900", "order_id": "ORD_1782545507910_746e6b76", "platform_order_id": "", "price": 113.4, "state": "SUBMITTED", "ts": 1782545507.927026, "volume": 1}
{"action": "OPEN", "direction": "BUY", "instrument_id": "HO2609-C-2900", "order_id": "ORD_1782545507910_746e6b76", "platform_order_id": "185", "price": 113.4, "state": "CONFIRMED", "ts": 1782545507.968174, "volume": 1}
{"action": "OPEN", "direction": "BUY", "instrument_id": "cu2607P100000", "order_id": "ORD_1782545531956_2fcbc564", "platform_order_id": "", "price": 72.2, "state": "SUBMITTED", "ts": 1782545532.0965078, "volume": 1}
{"action": "OPEN", "direction": "BUY", "instrument_id": "cu2607P100000", "order_id": "ORD_1782545531956_2fcbc564", "platform_order_id": "186", "price": 72.2, "state": "CONFIRMED", "ts": 1782545532.1885307, "volume": 1}
{"action": "OPEN", "direction": "BUY", "instrument_id": "cu2607P100000", "order_id": "ORD_1782545537914_b57fa76c", "platform_order_id": "", "price": 72.4, "state": "SUBMITTED", "ts": 1782545537.9295292, "volume": 1}
{"action": "OPEN", "direction": "BUY", "instrument_id": "cu2607P100000", "order_id": "ORD_1782545537914_b57fa76c", "platform_order_id": "187", "price": 72.4, "state": "CONFIRMED", "ts": 1782545537.9688768, "volume": 1}
{"action": "OPEN", "direction": "BUY", "instrument_id": "cu2607P100000", "order_id": "ORD_1782545543893_a421e136", "platform_order_id": "", "price": 72.8, "state": "SUBMITTED", "ts": 1782545543.981099, "volume": 1}
{"action": "OPEN", "direction": "BUY", "instrument_id": "cu2607P100000", "order_id": "ORD_1782545543893_a421e136", "platform_order_id": "188", "price": 72.8, "state": "CONFIRMED", "ts": 1782545544.1125765, "volume": 1}
{"action": "OPEN", "direction": "BUY", "instrument_id": "cu2607P100000", "order_id": "ORD_1782545549959_e9a284b8", "platform_order_id": "", "price": 73.4, "state": "SUBMITTED", "ts": 1782545550.0044513, "volume": 1}
{"action": "OPEN", "direction": "BUY", "instrument_id": "cu2607P100000", "order_id": "ORD_1782545549959_e9a284b8", "platform_order_id": "189", "price": 73.4, "state": "CONFIRMED", "ts": 1782545550.2629056, "volume": 1}
{"action": "OPEN", "direction": "BUY", "instrument_id": "cu2607P100000", "order_id": "ORD_1782545561982_ab05c468", "platform_order_id": "", "price": 72.2, "state": "SUBMITTED", "ts": 1782545562.0620618, "volume": 1}
{"action": "OPEN", "direction": "BUY", "instrument_id": "cu2607P100000", "order_id": "ORD_1782545561982_ab05c468", "platform_order_id": "190", "price": 72.2, "state": "CONFIRMED", "ts": 1782545562.2220974, "volume": 1}
{"action": "OPEN", "direction": "BUY", "instrument_id": "HO2609-C-2900", "order_id": "ORD_1782545591904_86458214", "platform_order_id": "", "price": 113.2, "state": "SUBMITTED", "ts": 1782545591.9234898, "volume": 1}
{"action": "OPEN", "direction": "BUY", "instrument_id": "HO2609-C-2900", "order_id": "ORD_1782545591904_86458214", "platform_order_id": "191", "price": 113.2, "state": "CONFIRMED", "ts": 1782545591.9395864, "volume": 1}
{"action": "OPEN", "direction": "BUY", "instrument_id": "MA608C2500", "order_id": "ORD_1782545621938_1fbd4f43", "platform_order_id": "", "price": 180.20000000000002, "state": "SUBMITTED", "ts": 1782545622.0327985, "volume": 1}
{"action": "OPEN", "direction": "BUY", "instrument_id": "MA608C2500", "order_id": "ORD_1782545621938_1fbd4f43", "platform_order_id": "192", "price": 180.20000000000002, "state": "CONFIRMED", "ts": 1782545622.1149888, "volume": 1}
{"action": "OPEN", "direction": "BUY", "instrument_id": "HO2609-C-2900", "order_id": "ORD_1782545651946_610126a3", "platform_order_id": "", "price": 113.2, "state": "SUBMITTED", "ts": 1782545651.960733, "volume": 1}
{"action": "OPEN", "direction": "BUY", "instrument_id": "HO2609-C-2900", "order_id": "ORD_1782545651946_610126a3", "platform_order_id": "193", "price": 113.2, "state": "CONFIRMED", "ts": 1782545651.9883432, "volume": 1}
{"action": "OPEN", "direction": "BUY", "instrument_id": "cu2607C106000", "order_id": "ORD_1782545681903_abb50122", "platform_order_id": "", "price": 366.20000000000005, "state": "SUBMITTED", "ts": 1782545682.058314, "volume": 1}
{"action": "OPEN", "direction": "BUY", "instrument_id": "cu2607C106000", "order_id": "ORD_1782545681903_abb50122", "platform_order_id": "194", "price": 366.20000000000005, "state": "CONFIRMED", "ts": 1782545682.0842118, "volume": 1}
{"action": "OPEN", "direction": "BUY", "instrument_id": "HO2609-C-2900", "order_id": "ORD_1782545711939_71a1a808", "platform_order_id": "", "price": 113.2, "state": "SUBMITTED", "ts": 1782545711.9661188, "volume": 1}
{"action": "OPEN", "direction": "BUY", "instrument_id": "HO2609-C-2900", "order_id": "ORD_1782545711939_71a1a808", "platform_order_id": "195", "price": 113.2, "state": "CONFIRMED", "ts": 1782545712.005121, "volume": 1}
{"action": "OPEN", "direction": "BUY", "instrument_id": "cu2607P100000", "order_id": "ORD_1782545741898_d5eb1f55", "platform_order_id": "", "price": 72.2, "state": "SUBMITTED", "ts": 1782545742.0734425, "volume": 1}
{"action": "OPEN", "direction": "BUY", "instrument_id": "cu2607P100000", "order_id": "ORD_1782545741898_d5eb1f55", "platform_order_id": "196", "price": 72.2, "state": "CONFIRMED", "ts": 1782545742.1164343, "volume": 1}
{"action": "OPEN", "direction": "BUY", "instrument_id": "MA608C2475", "order_id": "ORD_1782545771919_2f02184c", "platform_order_id": "", "price": 280.6, "state": "SUBMITTED", "ts": 1782545771.9965556, "volume": 1}
{"action": "OPEN", "direction": "BUY", "instrument_id": "MA608C2475", "order_id": "ORD_1782545771919_2f02184c", "platform_order_id": "197", "price": 280.6, "state": "CONFIRMED", "ts": 1782545772.0415595, "volume": 1}
{"action": "OPEN", "direction": "BUY", "instrument_id": "MA608C2475", "order_id": "ORD_1782545777885_c84248e0", "platform_order_id": "", "price": 280.8, "state": "SUBMITTED", "ts": 1782545778.0180995, "volume": 1}
{"action": "OPEN", "direction": "BUY", "instrument_id": "MA608C2475", "order_id": "ORD_1782545777885_c84248e0", "platform_order_id": "198", "price": 280.8, "state": "CONFIRMED", "ts": 1782545778.4268553, "volume": 1}
{"action": "OPEN", "direction": "BUY", "instrument_id": "MA608C2475", "order_id": "ORD_1782545783891_f1dcc9e8", "platform_order_id": "", "price": 281.2, "state": "SUBMITTED", "ts": 1782545783.9384453, "volume": 1}
{"action": "OPEN", "direction": "BUY", "instrument_id": "MA608C2475", "order_id": "ORD_1782545783891_f1dcc9e8", "platform_order_id": "199", "price": 281.2, "state": "CONFIRMED", "ts": 1782545783.960001, "volume": 1}
{"action": "OPEN", "direction": "BUY", "instrument_id": "MA608C2475", "order_id": "ORD_1782545789895_4db1724d", "platform_order_id": "", "price": 281.8, "state": "SUBMITTED", "ts": 1782545789.924608, "volume": 1}
{"action": "OPEN", "direction": "BUY", "instrument_id": "MA608C2475", "order_id": "ORD_1782545789895_4db1724d", "platform_order_id": "200", "price": 281.8, "state": "CONFIRMED", "ts": 1782545790.2586327, "volume": 1}
{"action": "OPEN", "direction": "BUY", "instrument_id": "HO2609-C-2900", "order_id": "ORD_1782545801951_c618fc10", "platform_order_id": "", "price": 113.2, "state": "SUBMITTED", "ts": 1782545801.9981987, "volume": 1}
{"action": "OPEN", "direction": "BUY", "instrument_id": "HO2609-C-2900", "order_id": "ORD_1782545801951_c618fc10", "platform_order_id": "201", "price": 113.2, "state": "CONFIRMED", "ts": 1782545802.1154206, "volume": 1}
{"action": "OPEN", "direction": "BUY", "instrument_id": "HO2609-C-2900", "order_id": "ORD_1782545831909_b25fe0a0", "platform_order_id": "", "price": 113.2, "state": "SUBMITTED", "ts": 1782545831.9258106, "volume": 1}
{"action": "OPEN", "direction": "BUY", "instrument_id": "HO2609-C-2900", "order_id": "ORD_1782545831909_b25fe0a0", "platform_order_id": "202", "price": 113.2, "state": "CONFIRMED", "ts": 1782545832.0178185, "volume": 1}
{"action": "OPEN", "direction": "BUY", "instrument_id": "HO2609-C-2900", "order_id": "ORD_1782545837939_cdeb117f", "platform_order_id": "", "price": 113.4, "state": "SUBMITTED", "ts": 1782545837.968127, "volume": 1}
{"action": "OPEN", "direction": "BUY", "instrument_id": "HO2609-C-2900", "order_id": "ORD_1782545837939_cdeb117f", "platform_order_id": "203", "price": 113.4, "state": "CONFIRMED", "ts": 1782545838.0011365, "volume": 1}
{"action": "OPEN", "direction": "BUY", "instrument_id": "HO2609-C-2900", "order_id": "ORD_1782545843905_7b8a013a", "platform_order_id": "", "price": 113.80000000000001, "state": "SUBMITTED", "ts": 1782545843.953132, "volume": 1}
{"action": "OPEN", "direction": "BUY", "instrument_id": "HO2609-C-2900", "order_id": "ORD_1782545843905_7b8a013a", "platform_order_id": "204", "price": 113.80000000000001, "state": "CONFIRMED", "ts": 1782545844.0311093, "volume": 1}
{"action": "OPEN", "direction": "BUY", "instrument_id": "HO2609-C-2900", "order_id": "ORD_1782545849904_81c11062", "platform_order_id": "", "price": 114.4, "state": "SUBMITTED", "ts": 1782545849.9551883, "volume": 1}
{"action": "OPEN", "direction": "BUY", "instrument_id": "HO2609-C-2900", "order_id": "ORD_1782545849904_81c11062", "platform_order_id": "", "price": 114.4, "state": "FAILED", "ts": 1782545850.2472496, "volume": 1}
{"action": "OPEN", "direction": "BUY", "instrument_id": "cu2607P100000", "order_id": "ORD_1782545861909_d9980c0b", "platform_order_id": "", "price": 72.2, "state": "SUBMITTED", "ts": 1782545861.9334445, "volume": 1}
{"action": "OPEN", "direction": "BUY", "instrument_id": "cu2607P100000", "order_id": "ORD_1782545861909_d9980c0b", "platform_order_id": "205", "price": 72.2, "state": "CONFIRMED", "ts": 1782545862.1975048, "volume": 1}
{"action": "OPEN", "direction": "BUY", "instrument_id": "cu2607P100000", "order_id": "ORD_1782545867956_c302ddb8", "platform_order_id": "", "price": 72.4, "state": "SUBMITTED", "ts": 1782545867.9780827, "volume": 1}
{"action": "OPEN", "direction": "BUY", "instrument_id": "cu2607P100000", "order_id": "ORD_1782545867956_c302ddb8", "platform_order_id": "206", "price": 72.4, "state": "CONFIRMED", "ts": 1782545868.41961, "volume": 1}
{"action": "OPEN", "direction": "BUY", "instrument_id": "cu2607P100000", "order_id": "ORD_1782545873898_29b6058c", "platform_order_id": "", "price": 72.8, "state": "SUBMITTED", "ts": 1782545873.9250765, "volume": 1}
{"action": "OPEN", "direction": "BUY", "instrument_id": "cu2607P100000", "order_id": "ORD_1782545873898_29b6058c", "platform_order_id": "", "price": 72.8, "state": "FAILED", "ts": 1782545873.9890866, "volume": 1}
{"action": "OPEN", "direction": "BUY", "instrument_id": "HO2609-C-2900", "order_id": "ORD_1782545891915_686c782d", "platform_order_id": "", "price": 113.2, "state": "SUBMITTED", "ts": 1782545892.0293906, "volume": 1}
{"action": "OPEN", "direction": "BUY", "instrument_id": "HO2609-C-2900", "order_id": "ORD_1782545891915_686c782d", "platform_order_id": "207", "price": 113.2, "state": "CONFIRMED", "ts": 1782545892.1208987, "volume": 1}
{"action": "OPEN", "direction": "BUY", "instrument_id": "cu2607C106000", "order_id": "ORD_1782545921909_170607d8", "platform_order_id": "", "price": 366.20000000000005, "state": "SUBMITTED", "ts": 1782545921.9365845, "volume": 1}
{"action": "OPEN", "direction": "BUY", "instrument_id": "cu2607C106000", "order_id": "ORD_1782545921909_170607d8", "platform_order_id": "", "price": 366.20000000000005, "state": "FAILED", "ts": 1782545922.0575936, "volume": 1}
{"action": "OPEN", "direction": "BUY", "instrument_id": "MA608C2475", "order_id": "ORD_1782545951925_015542dc", "platform_order_id": "", "price": 280.6, "state": "SUBMITTED", "ts": 1782545952.0018303, "volume": 1}
{"action": "OPEN", "direction": "BUY", "instrument_id": "MA608C2475", "order_id": "ORD_1782545951925_015542dc", "platform_order_id": "", "price": 280.6, "state": "FAILED", "ts": 1782545952.217878, "volume": 1}
{"action": "OPEN", "direction": "BUY", "instrument_id": "cu2607P100000", "order_id": "ORD_1782545981898_4721e620", "platform_order_id": "", "price": 72.2, "state": "SUBMITTED", "ts": 1782545981.9350371, "volume": 1}
{"action": "OPEN", "direction": "BUY", "instrument_id": "cu2607P100000", "order_id": "ORD_1782545981898_4721e620", "platform_order_id": "208", "price": 72.2, "state": "CONFIRMED", "ts": 1782545981.9510484, "volume": 1}
{"action": "OPEN", "direction": "BUY", "instrument_id": "HO2609-C-2900", "order_id": "ORD_1782546011930_4a815347", "platform_order_id": "", "price": 113.2, "state": "SUBMITTED", "ts": 1782546011.947865, "volume": 1}
{"action": "OPEN", "direction": "BUY", "instrument_id": "HO2609-C-2900", "order_id": "ORD_1782546011930_4a815347", "platform_order_id": "209", "price": 113.2, "state": "CONFIRMED", "ts": 1782546011.9868667, "volume": 1}
{"action": "OPEN", "direction": "BUY", "instrument_id": "MA608C2475", "order_id": "ORD_1782546041939_80b6f40b", "platform_order_id": "", "price": 280.6, "state": "SUBMITTED", "ts": 1782546041.9751587, "volume": 1}
{"action": "OPEN", "direction": "BUY", "instrument_id": "MA608C2475", "order_id": "ORD_1782546041939_80b6f40b", "platform_order_id": "210", "price": 280.6, "state": "CONFIRMED", "ts": 1782546042.0071537, "volume": 1}
{"action": "OPEN", "direction": "BUY", "instrument_id": "MA608C2475", "order_id": "ORD_1782546071905_d4809318", "platform_order_id": "", "price": 280.6, "state": "SUBMITTED", "ts": 1782546071.986989, "volume": 1}
{"action": "OPEN", "direction": "BUY", "instrument_id": "MA608C2475", "order_id": "ORD_1782546071905_d4809318", "platform_order_id": "211", "price": 280.6, "state": "CONFIRMED", "ts": 1782546072.0282693, "volume": 1}
{"action": "OPEN", "direction": "BUY", "instrument_id": "HO2609-C-2900", "order_id": "ORD_1782546101927_5e79ba27", "platform_order_id": "", "price": 113.2, "state": "SUBMITTED", "ts": 1782546102.0566564, "volume": 1}
{"action": "OPEN", "direction": "BUY", "instrument_id": "HO2609-C-2900", "order_id": "ORD_1782546101927_5e79ba27", "platform_order_id": "212", "price": 113.2, "state": "CONFIRMED", "ts": 1782546102.2144287, "volume": 1}
{"action": "OPEN", "direction": "BUY", "instrument_id": "MA608C2500", "order_id": "ORD_1782546131915_0faa0686", "platform_order_id": "", "price": 180.20000000000002, "state": "SUBMITTED", "ts": 1782546131.9760184, "volume": 1}
{"action": "OPEN", "direction": "BUY", "instrument_id": "MA608C2500", "order_id": "ORD_1782546131915_0faa0686", "platform_order_id": "213", "price": 180.20000000000002, "state": "CONFIRMED", "ts": 1782546132.0730407, "volume": 1}
{"action": "OPEN", "direction": "BUY", "instrument_id": "MA608C2500", "order_id": "ORD_1782546137962_35380366", "platform_order_id": "", "price": 180.4, "state": "SUBMITTED", "ts": 1782546138.0104897, "volume": 1}
{"action": "OPEN", "direction": "BUY", "instrument_id": "MA608C2500", "order_id": "ORD_1782546137962_35380366", "platform_order_id": "214", "price": 180.4, "state": "CONFIRMED", "ts": 1782546138.0471473, "volume": 1}
{"action": "OPEN", "direction": "BUY", "instrument_id": "MA608C2500", "order_id": "ORD_1782546143938_ad3bf917", "platform_order_id": "", "price": 180.8, "state": "SUBMITTED", "ts": 1782546143.9720588, "volume": 1}
{"action": "OPEN", "direction": "BUY", "instrument_id": "MA608C2500", "order_id": "ORD_1782546143938_ad3bf917", "platform_order_id": "215", "price": 180.8, "state": "CONFIRMED", "ts": 1782546144.0064123, "volume": 1}
{"action": "OPEN", "direction": "BUY", "instrument_id": "MA608C2500", "order_id": "ORD_1782546149932_ba0a8f80", "platform_order_id": "", "price": 181.4, "state": "SUBMITTED", "ts": 1782546150.0231872, "volume": 1}
{"action": "OPEN", "direction": "BUY", "instrument_id": "MA608C2500", "order_id": "ORD_1782546149932_ba0a8f80", "platform_order_id": "216", "price": 181.4, "state": "CONFIRMED", "ts": 1782546150.401892, "volume": 1}
{"action": "OPEN", "direction": "BUY", "instrument_id": "HO2609-C-2900", "order_id": "ORD_1782546161970_897fb928", "platform_order_id": "", "price": 113.2, "state": "SUBMITTED", "ts": 1782546161.9996011, "volume": 1}
{"action": "OPEN", "direction": "BUY", "instrument_id": "HO2609-C-2900", "order_id": "ORD_1782546161970_897fb928", "platform_order_id": "217", "price": 113.2, "state": "CONFIRMED", "ts": 1782546162.0426037, "volume": 1}
{"action": "OPEN", "direction": "BUY", "instrument_id": "cu2607P100000", "order_id": "ORD_1782546191939_da0f1c26", "platform_order_id": "", "price": 72.2, "state": "SUBMITTED", "ts": 1782546191.9533446, "volume": 1}
{"action": "OPEN", "direction": "BUY", "instrument_id": "cu2607P100000", "order_id": "ORD_1782546191939_da0f1c26", "platform_order_id": "218", "price": 72.2, "state": "CONFIRMED", "ts": 1782546191.9818344, "volume": 1}
{"action": "OPEN", "direction": "BUY", "instrument_id": "cu2607P100000", "order_id": "ORD_1782546197921_7035127e", "platform_order_id": "", "price": 72.4, "state": "SUBMITTED", "ts": 1782546197.9441187, "volume": 1}
{"action": "OPEN", "direction": "BUY", "instrument_id": "cu2607P100000", "order_id": "ORD_1782546197921_7035127e", "platform_order_id": "219", "price": 72.4, "state": "CONFIRMED", "ts": 1782546198.0264819, "volume": 1}
{"action": "OPEN", "direction": "BUY", "instrument_id": "cu2607P100000", "order_id": "ORD_1782546203900_1c41144d", "platform_order_id": "", "price": 72.8, "state": "SUBMITTED", "ts": 1782546204.0819001, "volume": 1}
